4475 5584
1143 440 1780 518 PR-INCIPES
1858 441 2531 519 PALMYRAE.

303 626 419 718 qui
462 645 581 720 ξφα,
628 623 826 713 primi
871 623 1162 690 examini
1203 623 1586 710 subjecere,
1645 636 1795 692 ante

299 746 677 796 annos-non
713 726 954 790 multos
990 729 1190 816 trium
1223 726 1580 811 insignium
1623 725 1801 790 viro·

299 853 443 897 rum
505 828 1000 897 lucubrationes
1059 829 1143 894 ad
1203 815 1325 894 hos
1370 826 1796 913 explicandos

299 953 537 1000 numos
592 952 727 996 uno
777 931 936 1017 ,fere
1002 944 1306 1016 tempore
1368 930 1575 994 editas
1632 929 1797 994 vidi-

298 1021 500 1115 muz(
520 1037 572 1100 1.
599 1034 857 1098 Erat-mi
888 1033 1258 1097 Froelichii
1281 1038 1361 1098 aa
1383 1036 1653 1115 famma
1674 1036 1800 1095 Va-

301 1141 550 1204 balatki
575 1141 787 1204 nnmis
808 1141 1141 1202 illustrata
1168 1139 1542 1218 opusculum
1558 1178 1576 1211 ,
1620 1131 1799 1217 quod

299 1239 380 1305 in·
412 1237 687 1322 illustris
748 1238 891 1321 ejus
945 1236 1072 1302 viri
1131 1235 1395 1301 schedis
1456 1247 1798 1319 repertum

300 1354 580 1428 quatuor
632 1356 783 1425 post
840 1341 1060 1418 annis,
1146 1359 1232 1403 ex
1287 1357 1416 1422 quo
1494 1336 1552 1400 is
1622 1337 1799 1400 diem

303 1443 501 1522 obiit,
562 1440 863 1507 Rhellius
921 1443 1094 1527 typis
1155 1436 1552 1522 vulgandum
1603 1459 1801 1510 §cura-

300 1547 396 1611 vit
426 1543 860 1615 Vindobonae
901 1545 1087 1628 1762.
1133 1546 1214 1605 11.
1249 1539 1545 1603 Eduardi
1583 1540 1802 1605 Corsi-

299 1648 395 1711 nii
419 1652 757 1724 epistolam
785 1637 1183 1713 deflet-miae
1204 1646 1553 1709 Vabalatln'
1565 1648 1798 1719 nemis,

299 1753 569 1831 imperio
589 1793 607 1827 ‚
637 1751 844 1834 'atque
877 1759 1113 1814 aetate.
1164 1748 1435 1809 Liburna·
1460 1755 1642 1811 1761.
1685 1745 1798 1832 111.

301 1849 651 1914 Pellerinii
709 1856 913 1935 Beqes
972 1855 1343 1932 Palmyrae,
1420 1847 1489 1907 in
1547 1865 1798 1932 operes

299 1954 568 2016 Remea
608 1955 720 2015 des
767 1954 1101 2014 me'das‘lles
1145 1948 1226 2012 de
1269 1952 1426 2013 Βοὴ
1466 1969 1622 2030 paq.
1675 1957 1797 2012 157

302 2049 486 2117 edito
515 2053 783 2117 Parisiis
825 2050 1009 2136 1762.-
1050 2051 1308 2113 Horum
1341 2047 1798 2113 commentarii

298 2173 435 2218 non
480 2155 678 2238 modo
731 2156 798 2217 in
833 2153 1054 2241 pretio
1103 2151 1389 2216 habendi
1420 2164 1797 2237 propterea,

304 2256 484 2339 quod
526 2270 789 2344 remoto
852 2281 889 2321 a
945 2253 1228 2341 partium
1287 2252 1520 2318 studiis
1579 2253 1798 2316 animo

306 2358 538 2443 scripti
577 2371 728 2421 sunt
755 2402 773 2435 ,
818 2380 965 2422 nam
1018 2377 1247 2421 eorum
1291 2354 1537 2419 nemini
1590 2354 1673 2419 de
1709 2355 1803 2419 al-

300 2459 512 2524 terins
569 2458 907 2525 conatibus
982 2460 1350 2538 constabat,
1423 2458 1543 2523 sed
1601 2460 1799 2522 etiam

303 2562 480 2648 quod
538 2583 659 2626 nos
718 2562 976 2625 abunde
1052 2564 1421 2639 instruunt,
1491 2560 1800 2645 quoniam

300 2661 387 2727 ad
428 2657 879 2728 illustrandam
945 2664 1113 2728 hanc
1154 2674 1487 2726 monetam
1532 2657 1834 2746 omnem·

303 2763 792 2830 contentionem
815 2765 1097 2829 attulere
1117 2810 1135 2843 ,
1181 2779 1248 2828 et
1280 2778 1497 2829 tamen
1515 2761 1804 2845 plerum-

219 2908 226 2922 ·
304 2886 436 2952 qne
472 2864 838 2947 confugere
865 2865 946 2930 ad
966 2866 1379 2950 conjecturas
1402 2864 1609 2930 coacti
1633 2877 1804 2942 sunt,

310 2966 397 3030 de
444 2967 833 3031 illustrando
892 2955 1171 3053 amplius
1229 2968 1360 3032 hoc
1414 2981 1803 3051 argumento

306 3063 794 3155 desperandum
836 3070 1025 3134 nobis
1057 3090 1238 3148 esse,
1281 3068 1409 3132 nisi
1455 3068 1596 3132 dies
1646 3068 1803 3133 olim

306 3170 706 3237 certioribus
728 3192 846 3237 nos
867 3173 1211 3256 praesidiis
1238 3169 1534 3235 instruat.
1580 3167 1805 3264 Quare

306 3273 463 3339 satis
517 3261 813 3352 habebo,
871 3276 1108 3339 horum
1160 3273 1372 3340 varias
1437 3272 1803 3355 opiniones,

304 3374 568 3454 additis,
610 3377 722 3439 ubi
752 3395 1028 3441 necesse
1046 3375 1336 3451 duxero,
1383 3372 1547 3436 meis
1580 3373 1807 3438 obser·

306 3478 513 3554 vatis,
573 3478 799 3562 paucis
858 3496 1417 3553 commemorare,
1476 3475 1802 3560 neglectis

306 3592 531 3642 tamen
602 3581 995 3666 plerumque
1078 3577 1377 3641 inanibus
1435 3577 1800 3655 sententiis,

308 3703 471 3767 quas
511 3695 776 3748 veteres
839 3683 997 3746 artis
1059 3693 1326 3745 nostrae
1382 3678 1674 3764 magistri
1721 3696 1804 3740 ex

308 3782 533 3867 iniqua
563 3783 1062 3868 inscriptionum
1105 3785 1435 3857 lectione,
1480 3793 1590 3844 aut
1625 3776 1807 3865 quod

309 3883 562 3948 Goltzii
593 3900 960 3952 commenta
994 3880 1241 3970 aliquid
1290 3901 1437 3946 esse
1473 3880 1801 3963 putabant,

307 3987 592 4051 attulere
612 4033 632 4067 ,
677 4007 842 4071 quae
873 3987 986 4071 qui
1017 3988 1197 4051 volet
1216 4030 1235 4063 ,
1277 3983 1525 4070 poterit
1552 4003 1637 4047 ex
1669 3982 1804 4045 lan·

312 4087 463 4155 data
499 4087 787 4155 Corsinii
819 4083 1102 4174 'epistola
1137 4106 1400 4170 capere.

881 4233 922 4275 n
1026 4187 1087 4228 ι*
1211 4229 1252 4271 n

444 4295 1004 4360 ODENATHVS.
1049 4287 1425 4353 Secundum
1469 4286 1802 4353 zosimum

310 4397 554 4461 illustri
593 4394 937 4477 Palmyrae
969 4389 1126 4455 loco
1173 4406 1357 4454 natus
1383 4437 1399 4467 ,
1446 4379 1804 4455 secundum

387 4717 451 4770 nl
491 4693 660 4768 Mem.
702 4712 765 4769 Β.
806 4710 868 4766 L.
911 4709 963 4765 Τ
1017 4706 1096 4767 11.
1135 4724 1193 4783 p·
1224 4714 1336 4769 530

510 4804 694 4879 (Vol.
733 4805 913 4876 Vll.)

3251 465 3399 545 1289

1910 625 2310 712 Procopium
2356 627 2681 713 princeps
2721 627 3236 708 Saracenorum,
3295 633 3411 716 qui

1909 727 2318 814 Euphratem
2350 728 2775 806 adcolebaut,
2820 743 3009 815 capto
3033 732 3111 801 V.
3134 733 3206 797 C.
3247 745 3409 812 ¹0¹4

1911 829 1989 894 P.
2035 829 2117 891 X.
2162 830 2282 893 261
2348 854 2387 895 a
2429 832 2654 895 Persis
2701 830 3093 909 Valeriano,
3152 855 3412 912 eornmq

1914 951 2042 1015 que
2103 951 2271 1018 rege
2335 932 2603 1016 Sapore
2636 932 2756 995 toti
2816 930 3081 997 Orienti
3142 936 3411 1013 infesto,

1913 1032 2076 1098 inito
2139 1054 2292 1099 cum
2345 1035 2590 1099 Balista
2657 1033 2997 1121 praefecto
3073 1042 3411 1118 praetorio

1914 1135 2193 1200 foedere
2226 1138 2547 1221 Saporem
2586 1151 2762 1200 trans
2781 1138 3185 1222 Euphratem
3209 1138 3413 1225 fugat,

1915 1256 2065 1299 eum
2110 1239 2427 1304 continno
2452 1254 2895 1338 transgressus
2918 1240 3413 1326 Ctesiphontem

1914 1337 2121 1423 ipsam
2179 1341 2391 1425 capit,
2454 1340 2935 1426 imperiumque
2995 1341 3064 1401 in
3128 1340 3412 1408 Oriente

1916 1441 2170 1523 Sapore
2214 1442 2439 1506 multis
2497 1441 2791 1506 cladibus
2836 1441 3060 1506 attrito
3104 1445 3411 1509 restituit.

1914 1540 2260 1605 Gallienus
2316 1557 2461 1609 acto
2497 1547 2748 1607 Romae
2798 1544 2882 1606 de
2921 1545 3148 1609 Persis
3200 1547 3418 1618 aliena

1913 1646 2158 1710 virtute
2188 1644 2452 1708 domitis
2471 1645 2826 1730 triumpho,
2856 1658 2928 1709 ut
2952 1644 3295 1710 hominem
3331 1647 3416 1712 de

1914 1767 2001 1811 se·
2020 1760 2147 1811 tam
2181 1749 2525 1830 praeclare
2555 1747 2863 1811 meritum
2884 1748 3084 1831 digno
3118 1752 3415 1834 praemio

1912 1849 2265 1926 adficeret,
2307 1848 2694 1936 participato
2726 1849 3011 1937 imperio
3047 1855 3413 1936 Augustum
3488 1881 3499 1898 ·

1912 1952 2221 2037 appellat.
2310 1951 2545 2016 Paucis
2603 1966 2754 2034 post
2802 1954 2984 2015 annis
3022 1976 3058 2016 a
3099 1943 3411 2019 Maeonio

1914 2053 2313 2144 consobrino
2355 2073 2395 2116 e
2441 2052 2663 2117 medio
2713 2055 2973 2118 tollitur
3009 2055 3091 2122 V.
3136 2055 3209 2121 C.
3253 2043 3418 2143 noiq'

1907 2159 1988 2226 P.
2010 2158 2088 2219 X.
2119 2157 2281 2234 266,
2323 2157 2435 2221 vel
2472 2171 2813 2242 sequente,
2857 2171 2929 2219 ut
2957 2156 3298 2243 colligitur
3333 2179 3418 2223 ex

1909 2258 2126 2322 numis
2161 2257 2532 2327 Vabalathi.

2040 2360 2145 2422 Ad
2163 2361 2339 2423 hunc
2359 2358 2777 2424 Odenathum
2800 2360 3249 2425 verisimiliter
3260 2383 3417 2450 per·

1910 2459 2079 2528 tinet
2095 2479 2381 2525 marmor
2414 2475 2756 2545 repertum
2775 2460 3142 2545 Palmyrae,
3180 2477 3249 2528 et
3263 2477 3418 2549 post

1913 2565 2077 2628 alios
2095 2562 2343 2628 editum
2365 2587 2400 2626 a
2419 2561 2834 2626 Renaudotio
2869 2566 2954 2641 ⁸):
2990 2563 3137 2624 TO.
3160 2562 3417 2627 MNH-

1913 2662 2250 2729 MCION.
2311 2661 2520 2729 ΤΟΤ.
2567 2657 3132 2728 ΤΑΦΕΩΝΟΟ.
3168 2662 3419 2727 ΕΚΤῙ-

1916 2763 2258 2858 cenez-⁷..
2281 2758 2590 2827 mmN.
2613 2753 3418 2832 cerlT1M10c.0AA1.

1918 2863 2259 2933 ΝΑΘΟΟ.
2298 2861 3168 2932 0.AAM11POTATOC.
3199 2867 3250 2930 C
3318 2863 3421 2930 N..

1916 2964 2421 3034 ΚΛΗΤΙΚΟΟ.
2436 2965 2516 3032 Ο.
2527 2957 2973 3027 ΑΙΡΑΝΟΤ.
2976 2961 3165 3027 Tor
3175 2964 3254 3031 ,Ο
3322 2969 3423 3030 A.

1915 3065 2464 3138 ΒΑΛΛΑΘΟΤ.
2527 3072 2668 3131 Hoc
2704 3078 3172 3132 monumentum
3212 3065 3420 3149 sepul-

1917 3175 2093 3235 crale
2105 3173 2208 3253 sea
2200 3175 2272 3233 it
2300 3174 2381 3233 de
2414 3191 2533 3233 sua
2543 3188 2824 3250 pecuum
2843 3171 3195 3248 Septimum
3213 3158 3418 3234 O'dae·

1914 3277 2151 3337 natleus
2174 3275 2277 3334 vir
2293 3272 2694 3334 clarissimus
2726 3289 2814 3331 ez·
2836 3273 3060 3333 ordene
3089 3276 3416 3354 senatorio

1915 3376 2435 3456 Aer-anisfils’us,
2488 3371 2863 3446 Vaballathi
2889 3391 3102 3451 nepos.
3147 3372 3415 3438 illustre

1914 3477 2044 3540 hoc
2062 3494 2351 3538 marmor
2364 3469 2704 3555 complura
2721 3471 2997 3556 egregie
3013 3472 3230 3558 docet,
3270 3495 3343 3539 ac
3363 3475 3413 3537 1.

1916 3576 2213 3663 quidem,
2258 3572 2792 3659 orthographiam
2851 3575 3137 3638 nominis
3169 3570 3418 3640 ΟΔΑῙ-

1922 3674 2263 3753 ΝΑΘΟΟ,
2281 3697 2406 3760 pro
2427 3674 2918 3772 quoEutropius
2941 3671 3272 3753 Οδεναθος,
3290 3678 3417 3743 Zo-

1925 3778 2127 3841 simus
2163 3772 2526 3854 Οδαυαθος,
2564 3778 2931 3861 Procopius
2966 3771 3302 3854 Οδοναθης
3327 3776 3415 3860 ¹²),

1919 3878 2301 3944 Trebellius
2321 3872 3416 3944 Odenatue.1temo·1·ABAAAA-

1919 3978 2097 4047 ΘΟΟ
2116 3979 2640 4063 conspirantibus
2656 3998 2803 4041 cum
2818 3976 2942 4042 hac
2959 3978 3282 4062 scriptura
3299 4000 3417 4043 nu·

1915 4083 2040 4146 mis
2075 4082 2392 4156 Graecis,
2452 4073 2603 4145 cum
2648 4067 2868 4144 tamen
2917 4078 3111 4143 aliam
3146 4094 3416 4144 teneant

1812 4219 1819 4226 ·
1915 4183 2155 4257 Latini,
2200 4196 2273 4246 ut
2297 4183 2690 4250 videbimus.
2733 4183 2813 4245 11.
2834 4178 3144 4244 Additum
3163 4183 3415 4243 nomen'

1915 4289 2285 4351 Romanum
2337 4285 2675 4365 Septimii,
2734 4305 2818 4349 ex
2862 4304 2993 4369 quo
3042 4279 3415 4344 mirum'vi-

1919 4387 2066 4453 deri
2107 4406 2242 4451 non
2290 4386 2525 4466 debet,
2568 4407 2848 4452 uxorem
2903 4403 3165 4470 quoque
3200 4385 3414 4447 Zeno-

1499 4701 1570 4774 b)
1611 4701 1757 4763 Bell.
1797 4703 1959 4762 Pers.
1999 4700 2061 4757 1..
2102 4701 2176 4760 11.
2214 4720 2266 4761 c.
2303 4710 2359 4767 fi.

2796 4789 3009 4873 tht
