4475 5584
1074 444 1164 535 7'6
2016 441 2631 523 FAVSTINA
2729 441 2991 522 IVNI
3017 445 3187 520 ΟΒ.

1200 640 1444 698 Numen
1460 637 1716 697 Aurelii
1739 645 1969 698 aureos
1975 637 2256 713 primum
2290 635 2620 693 'abunda-c
2634 675 2650 707 ,
2695 649 2911 694 comm
2938 633 3527 694 deindeaememn
3563 635 3801 694 senaim
3813 636 4040 694 uam
4052 677 4070 705 ,
4119 645 4187 695 et

1066 731 1369 799 extremis
1387 740 1527 814 eius
1544 739 1735 797 annis
1753 739 1898 816 fere
1927 739 2186 816 deficere
2223 736 2601 812 experimur.
2672 736 2833 795 Vide
2850 775 2867 806 ,
2911 752 3078 814 quae
3097 734 3176 792 de
3204 734 3328 793 leae
3351 736 3662 809 pet-istan·
3692 736 4185 797 observabimus

1071 842 1140 899 in
1172 838 1384 901 numia
1411 839 1762 902 Faustinae
1783 831 2068 914 junioris
2085 878 2103 910 ‚
2149 846 2213 895 et
2244 838 2359 897 su‘b
2379 838 2576 916 finem
2604 854 2934 896 numerum
2950 836 3291 895 Commodi.

1662 936 1983 1020 Argentei
2020 977 2572 999 ......
2575 1009 2592 1016 ⁷

1668 1036 1879 1100 Aenei
1912 1056 2079 1096 max.
2116 1033 2294 1095 mod.
2340 1080 2357 1096 .
2446 1079 2465 1099 .
2553 1078 2573 1096 .

1662 1136 1872 1201 Aen'ei
1917 1138 1968 1200 1.
2004 1149 2082 1199 ’et
2128 1139 2207 1198 11.
2252 1136 2504 1200 formae
2556 1179 2573 1198 .

1662 1239 1874 1301 Aenei
1918 1240 2031 1301 111.
2076 1237 2330 1300 formae

1464 1343 1807 1404 commatis
1839 1343 2197 1418 pereyrim't

1657 1439 1975 1523 Argentei
2014 1439 2277 1500 urbium
2315 1440 2716 1502 Graecarum
2763 1477 2783 1498 .
2871 1433 2925 1499 .‘
2980 1479 3528 1502 ......

1656 1542 1867 1604 Aenei
1902 1539 2119 1603 variae
2150 1539 2408 1604 formae
2433 1573 2464 1603 ·.
2535 1576 2566 1601 ·.

1657 1640 2123 1706 Coloniarum.
2216 1684 2233 1701 .
2322 1686 2340 1705 .
2429 1684 2450 1703 .
2523 1675 2557 1699 -.

1655 1741 2083 1858 Alexandrini
2117 1781 2565 1806 .....

2660 1078 2676 1094 ο
2764 1073 3317 1098 ......
3357 1093 3364 1098 ,
3407 1076 3424 1095 0
3514 1076 3531 1095 ο

2660 1176 3536 1200 .........
3626 1136 3702 1199 C.

2756 1271 2766 1283 s
2973 1275 2980 1282 .

2444 1283 2463 1301 Ο
2553 1282 2570 1301 0

2657 974 3530 998 .........
3620 933 3697 996 C.

3616 1037 3757 1097 RR.

3616 1439 3756 1503 ΒΗ.

2660 1578 3418 1603 ........
3435 1635 3440 1641 .
3506 1585 3524 1602 .
3613 1543 3685 1604 C.

2646 1681 2663 1700 .
2735 1731 2738 1738 y
2754 1678 3520 1706 ........
3609 1644 3682 1705 C.

2655 1782 3525 1804 .........
3605 1742 3692 1807 ·C·.

2080 2057 2221 2114 ΕΑ
2244 2054 2371 2115 VS
2394 2055 2665 2142 ΤΙΝᾼ
2748 2053 3154 2115 JVNJOR.

1185 2254 1393 2317 Annia
1445 2251 1753 2316 Faustina
1799 2264 1947 2313 nata
1994 2260 2181 2333 patre
2223 2250 2553 2311 Antonino

966 2399 972 2404 -
1057 2357 1178 2420 Pio
1215 2358 1422 2441 Aug.,
1481 2367 1687 2416 matre
1723 2351 1987 2415 Galeria
2025 2351 2331 2413 Faustina
2385 2354 2551 2433 Aug.

1050 2478 1223 2520 anno
1273 2457 1549 2520 incerto.
1630 2453 1917 2523 Volente
1971 2451 2303 2515 Hadriano
2356 2452 2552 2514 desti-

1050 2573 1201 2621 nata
1248 2557 1372 2619 fuit
1433 2560 1509 2617 L.
1545 2557 1761 2629 Vero,
1824 2553 1942 2616 sed
1994 2572 2135 2614 eam
2182 2554 2548 2615 Antoninus

1053 2671 1201 2741 post
1237 2655 1552 2719 Hadriani
1587 2669 1865 2716 mortem
1897 2666 2172 2738 propter
2189 2655 2355 2721 Veri
2379 2670 2550 2717 aeta-

1032 2774 1187 2823 'tem
1240 2761 1647 2821 immaturam
1684 2759 1772 2817 Μ.
1798 2751 2070 2830 Αυτεῐίο
2110 2775 2387 2817 uxorem
2441 2754 2553 2818 de·

1056 2861 1152 2923 dit
1182 2861 1482 2945 perfecto
1523 2858 1772 2941 aliquot
1816 2856 1968 2918 inde
2006 2858 2187 2919 annis
2220 2857 2550 2919 matrimo-

1052 2965 1203 3025 nio.·
1248 2964 1579 3046 Augustae
1608 2959 1797 3020 titulo
1831 2956 2033 3020 fuisse
2052 2958 2446 3032 decoratam,
2482 2972 2549 3019 et

1051 3064 1316 3150 quidem
1356 3061 1589 3124 marito
1639 3059 1851 3122 adhuc
1888 3061 2205 3135 Caesare,
2252 3059 2421 3122 infra
2458 3079 2540 3122 ex

1053 3166 1267 3226 numis
1307 3161 1901 3245 comprobabimus.
1983 3161 2290 3222 Maritum
2340 3161 2407 3221 in
2432 3162 2544 3241 Sy-

1058 3266 1221 3325 riam
1269 3274 1641 3327 consectata
1695 3260 1763 3320 in
1807 3260 2042 3322 itinere
2105 3260 2278 3345 apud
2311 3263 2546 3326 Halale

1052 3368 1269 3429 vicum
1321 3367 1541 3424 Tauro
1585 3360 1863 3423 adsitum
1926 3360 2161 3423 morbo
2224 3362 2543 3427 exstincta

1051 3480 1151 3527 est
1185 3468 1268 3531 V.
1307 3465 1378 3527 C.
1411 3461 1555 3545 928.
1618 3462 1889 3522 Femina
1923 3460 2086 3537 fuit,
2151 3463 2206 3525 si
2256 3485 2381 3548 qua
2429 3485 2545 3527 un-

1046 3587 1276 3651 quam,
1352 3564 1622 3627 ultimae
1680 3563 2025 3641 infamiae,
2086 3584 2161 3627 ac
2227 3563 2539 3640 libidinis,

1047 3667 1314 3751 indigna
1372 3678 1597 3751 patre,
1657 3676 1724 3727 et
1778 3664 2050 3740 marito,
2112 3683 2279 3749 quos
2330 3665 2541 3727 omnis

1050 3781 1228 3830 aetas
1280 3767 1486 3850 ipsam
1519 3766 1847 3833 Virtutem
1901 3766 2086 3830 dixit.
2143 3767 2342 3833 Vsam
2394 3786 2542 3849 pro—

1050 3869 1298 3932 miscue
1346 3865 1851 3952 gladiatoribus,
1916 3868 2163 3942 nautis,
2225 3880 2294 3929 et
2336 3866 2392 3927 si
2428 3866 2542 3950 qui

1051 3983 1203 4031 sunt
1242 3970 1343 4030 his
1364 3968 1677 4042 viliores,
1720 3967 1994 4030 historia
2026 3966 2272 4051 prodit,
2316 3959 2544 4030 et‘suit

1046 4091 1124 4148 ea
1152 4083 1366 4133 aetate
1421 4089 1650 4132 rumor
1704 4083 2047 4144 constans,
2091 4068 2304 4153 ipsum
2352 4070 2543 4132 Com·

1050 4172 1316 4235 modum
1362 4191 1447 4233 ex
1491 4171 1853 4255 gladiatore
1899 4183 2311 4253 conceptum.
2388 4171 2545 4233 Cre·

1049 4272 1325 4335 debatur
1359 4273 1555 4334 etiam
1609 4274 1686 4336 L.
1710 4274 1891 4338 Vero
1944 4292 2135 4335 causa
2170 4266 2401 4336 mortis
2440 4293 2545 4349 suf
2579 4265 2584 4270 ’

1047 4373 1224 4435 bitae
1287 4372 1652 4447 exstitisse,
1730 4387 1801 4434 et
1879 4371 2207 4456 particeps
2280 4392 2542 4466 quoque

2669 2247 3098 2311 consiliorum
3133 2248 3353 2314 Avidii
3375 2248 3580 2313 Cassii
3613 2249 3932 2316 adversus
3972 2257 4182 2317 mari·

2667 2361 2805 2410 tum
2857 2349 3308 2433 conspirantis.
3384 2351 3665 2435 Vulgata
3718 2353 3883 2417 haee
3936 2359 4184 2419 uxoris

2668 2449 2995 2514 dedecora
3051 2464 3181 2511 tam
3236 2474 3462 2535 parum
3507 2473 3775 2515 movere
3832 2456 4184 2532 maritum,

2664 2565 2737 2612 ut
2766 2552 2960 2613 etiam
2999 2551 3115 2624 iis,
3163 2552 3274 2634 qui
3311 2567 3613 2616 auctores
3660 2547 3881 2632 fuere,
3930 2571 4008 2620 ut
4053 2560 4190 2622 sal·

2669 2664 2802 2714 tem
2837 2651 3249 2734 repudiaret,
3281 2654 3352 2714 si
3387 2654 3695 2718 occidere
3741 2674 3883 2719 eam
3921 2660 4181 2738 nollet,

2666 2751 3132 2835 responderet:
3167 2759 3230 2817 st·
3260 2777 3526 2819 uxorem
3562 2761 3981 2833 dimittimus,
4033 2768 4190 2824 red-

2664 2859 2892 2917 damus
2909 2860 3215 2931 etdotem,
3261 2856 3609 2940 imperium
3637 2859 3909 2923 scilicet.
3967 2862 4188 2928 Ferri

2664 2953 3147 3038 quodammodo
3193 2970 3452 3041 poterat
3504 2980 3581 3022 ea
3626 2959 4043 3046 indulgentia
4081 2979 4189 3028 ut·

2662 3077 2919 3139 cunque
2967 3069 3156 3120 atrox
3221 3071 3290 3121 et
3349 3059 3748 3140 inconsulta,
3826 3061 3956 3122 nisi
4024 3082 4189 3127 eam

2663 3169 2982 3220 mortuam
3028 3157 3320 3223 flevisset
3368 3145 3600 3237 etiam,
3658 3174 3724 3224 et
3768 3165 3946 3224 omni
4000 3164 4190 3228 infa-

2662 3259 2790 3321 mia
2852 3260 3355 3323 contaminatam
3406 3262 3690 3324 concilio
3737 3262 4016 3326 deorum
4079 3267 4188 3329 in-

2660 3360 2917 3423 tulisset
2942 3405 2960 3437 ‚
3005 3373 3078 3423 ut
3112 3361 3336 3445 paullo
3367 3376 3515 3447 post
3552 3363 3940 3428 videbimus.
3991 3368 4187 3436 Vide

2662 3462 3100 3550 Capitolinum
3124 3507 3140 3538 ,
3185 3463 3467 3527 Dionem
3490 3510 3508 3542 ‚
3553 3467 3920 3536 Victorem.

2785 3563 3016 3627 Liberi
3055 3583 3138 3625 ex
3167 3567 3260 3626 M.
3297 3565 3593 3630 Aurelio.

2784 3667 3061 3728 Praeter
3086 3669 3345 3728 Vibium
3360 3672 3697 3732 Aureliam
3711 3672 4066 3748 Sabn'nam,
4111 3690 4186 3738 et

2657 3769 3016 3842 fodinam,
3061 3787 3220 3851 quas
3255 3785 3964 3833 memor-autmarmora
3987 3774 4184 3838 Gru-

2658 3868 2786 3929 teri
2830 3867 2887 3946 ἰ)
2932 3882 2999 3930 et
3054 3870 3404 3932 Muratorii
3447 3867 3553 3951 b),
3609 3871 3766 3934 item
3803 3876 4186 3939 Domitiam

2655 3972 3072 4044 Faustinam,
3110 3967 3404 4054 aliosque
3421 3971 3630 4056 ignoti
3649 3972 3953 4048 nominis,
3989 3996 4181 4059 quos

2658 4089 2742 4131 ex
2771 4068 3148 4132 auctoribus
3173 4070 3510 4140 veteribus
3531 4091 3928 4155 congessere
3950 4076 4183 4141 Tille-

2658 4170 2942 4234 montius
2960 4169 3039 4249 c),
3075 4185 3139 4233 et
3159 4172 3399 4255 Pagius
3417 4175 3505 4254 d),
3540 4174 3948 4238 memorandi
3967 4193 4138 4241 sunt
4156 4205 4178 4244 ε

2787 4276 3066 4347 Lucilla,
3131 4285 3332 4356 nupta
3380 4277 3457 4338 L.
3490 4278 3705 4354 Vero,
3753 4275 3836 4339 de
3882 4297 4013 4362 qua
4067 4281 4183 4343 in·

2657 4373 2759 4438 tra
2783 4374 2856 4436 in
2892 4377 3106 4441 numis
3137 4378 3442 4462 propriis·

1155 4606 1220 4675 a)
1254 4604 1393 4678 Pag.
1425 4611 1552 4664 252.
1585 4611 1635 4663 s.

1046 4696 1258 4752 Bai-on.
1310 4689 1390 4748 ad
1425 4711 1558 4748 ann.
1592 4691 1731 4747 Chr.
1769 4700 1890 4755 180.

1970 4683 2003 4701 Q

1212 4923 1241 4936 Ἰρ

1802 4600 1874 4673 b)
1910 4602 2046 4683 Png.
2084 4616 2211 4670 242.
2246 4617 2298 4669 3.
2340 4618 2403 4664 ct
2427 4619 2552 4680 ⁵90·
2592 4616 2645 4670 4.

2826 4612 2888 4681 c)
2930 4609 2990 4666 in
3018 4610 3263 4668 Aurelio
3313 4597 3444 4689 pag.
3480 4633 3553 4668 m.
3595 4612 3720 4686 69¹*-
3890 4614 3960 4690 d)
4001 4617 4170 4677 erit.
