4475 5584
1016 454 1167 558 ³24

1005 621 1194 700 fecti,
1240 593 1405 687 eiad
1439 623 1763 687 stinmum
1783 620 2155 709 fastigium,
2202 644 2334 709 quo
2371 637 2513 688 ten-

1010 726 1174 791 dere
1239 725 1535 789 conditio
1587 726 1884 788 mortalis
1948 737 2204 810 potest,
2271 725 2508 790 virtute

1006 848 1089 894 ac
1137 826 1488 890 tolerantia
1538 827 1738 892 enixi.
1826 831 1989 898 Tam
2060 826 2509 892 memorabilis

1007 929 1297 994 fortuna.
1345 928 1514 991 nulli
1587 928 1868 1013 imperio
1932 942 2071 1013 tam
2140 929 2512 994 liberaliter

1011 1036 1089 1094 ac
1135 1028 1408 1114 profuse
1454 1049 1767 1093 concessa
1811 1030 2113 1118 omnibus
2164 1030 2348 1094 orbis
2400 1054 2508 1096 co·

1009 1131 1177 1217 gniti
1226 1131 1533 1217 gentibus
1595 1144 1705 1194 aut
1756 1131 2011 1195 servire
2067 1134 2351 1212 coactis,
2396 1149 2507 1200 aut

1007 1234 1092 1298 ad
1124 1253 1364 1297 nomen
1414 1236 1491 1295 Β.
1538 1232 1911 1317 trepidare,
1956 1234 2339 1298 merebatur
2369 1257 2507 1299 om-

908 1349 925 1358 ‘
1004 1333 1200 1400 nibus
1251 1333 1706 1409 caerimoniis,
1764 1335 2233 1419 gratulatione,
2280 1358 2355 1401 ac
2406 1339 2507 1401 lu·

1002 1432 1245 1498 dorum
1299 1435 1783 1520 magnificentia
1817 1436 2165 1501 celebrari.
2254 1440 2507 1524 Coepe-

1004 1550 1107 1600 rat
1150 1537 1206 1598 is
1255 1560 1459 1601 annus
1513 1561 1548 1601 a
1580 1538 1938 1623 parilibus,
1984 1541 2123 1603 sive
2172 1539 2283 1604 die
2327 1544 2502 1607 xxt.
2541 1573 2548 1580 ·

1003 1638 1255 1721 Aprilis
1316 1638 1821 1724 anni-fproxime
1881 1641 2127 1726 elapsi,
2207 1643 2322 1728 qui
2377 1643 2506 1708 fuit

1002 1754 1154 1824 post
1186 1740 1519 1805 Christum
1568 1755 1790 1803 natum
1838 1751 1994 1824 247,
2040 1758 2120 1807 et
2146 1745 2356 1809 exivit
2393 1765 2506 1807 eo·-

1004 1842 1163 1904 dem
1218 1841 1324 1903 die
1368 1840 1523 1903 anni
1576 1845 1962 1925 praesentis.
2066 1848 2142 1907 In
2192 1845 2504 1911 ludorum

1005 1941 1218 2006 omnis
1272 1942 1538 2026 generis
1589 1944 1889 2027 copiaet
1921 1944 2190 2031 ingente
2237 1969 2506 2033 appara-

1001 2044 1522 2126 tui-conspirant
1577 2045 1882 2129 quidem,
1959 2048 2071 2132 qui
2128 2061 2502 2133 supersunt,

1003 2157 1310 2207 auctores
1376 2159 1675 2220 veteres,
1737 2167 1970 2209 verum
2035 2148 2104 2209 in
2152 2170 2322 2212 anno
2377 2149 2508 2212 dis·

1003 2246 1330 2320 sentiunt,
1377 2266 1507 2334 quo
1550 2245 1871 2310 celebrati
1913 2248 1983 2310 ba·
2026 2247 2185 2311 ludi.
2246 2252 2501 2312 Eorum

1002 2346 1089 2411 D.
1134 2346 1580 2428 Hieronymus
1630 2348 1711 2410 ad
1742 2370 1946 2413 annos
1987 2343 2500 2435 postchristum

1001 2449 1129 2523 245
1164 2462 1233 2510 et
1282 2449 1405 2523 246
1443 2450 1757 2514 meminit.
1826 2451 2105 2516 Orosius
2142 2467 2208 2514 et
2239 2455 2503 2515 lornan-

1000 2548 1123 2614 des
1150 2551 1541 2612 constitutos
1589 2551 1900 2617 adserunt
1943 2568 2175 2622 exacto
2206 2554 2501 2638 Philippi

1002 2650 1330 2727 triennio,
1375 2651 1554 2735 quod
1601 2673 1836 2718 revera
1894 2656 1964 2718 in
2008 2677 2247 2720 annum
2294 2659 2369 2719 P.
2416 2656 2500 2720 X.

1001 2760 1163 2834 247,
1206 2770 1326 2816 seu
1373 2753 1587 2836 ipsum
1640 2776 1877 2820 annum
1921 2758 2344 2822 millesimum
2396 2777 2502 2821 ca·

965 2853 1120 2918 ‘slim
1185 2854 1558 2939 Capitolino
1608 2859 1735 2922 acti
1790 2859 2100 2926 dicuntur
2141 2860 2211 2923 in
2265 2879 2501 2924 consu·

996 2956 1138 3019 latu
1196 2956 1661 3044 Philipporum
1730 2962 1825 3041 Ι1),
1898 2964 2199 3026 oratione
2266 2960 2496 3039 dubia,

999 3071 1152 3124 nam
1203 3058 1459 3123 duobus
1514 3060 1695 3123 annis
1744 3063 2109 3141 continuis,
2153 3082 2392 3148 nempe
2418 3065 2495 3128 P.

998 3160 1083 3222 X.
1114 3166 1239 3241 247
1289 3174 1355 3223 et
1400 3162 1523 3235 248
1568 3186 1693 3226 una
1742 3184 2131 3246 processere
2166 3167 2495 3229 consules.

992 3263 1097 3322 At·
1130 3260 1528 3324 cassiodoro
1582 3265 1963 3328 consulibus
2014 3268 2380 3330 Aemiliano
2429 3281 2500 3330 et·

995 3360 1351 3447 Aquilino,
1415 3364 1528 3447 qui
1596 3385 1987 3447 processere
2053 3387 2222 3446 anno
2280 3369 2355 3429 P.
2413 3370 2492 3429 X.

998 3471 1146 3543 249.
1211 3461 1282 3523 si
1324 3461 1517 3525 ludos
1552 3464 1677 3525 hos
1710 3483 1791 3527 ex
1826 3467 2108 3529 nominis
2155 3468 2307 3552 lege
2347 3489 2493 3552 spc-

998 3577 1179 3640 ates,
1241 3563 1613 3628 celebratos
1680 3567 1972 3649 oportuit
2035 3589 2204 3631 anno
2259 3572 2352 3634 Ῥ.
2413 3569 2496 3631 X.

995 3672 1125 3742 247
1155 3707 1174 3739 ,
1218 3662 1527 3727 nimirum
1565 3687 1734 3728 anno
1769 3667 1912 3751 ipso
1948 3669 2317 3734 millenario
2342 3715 2360 3747 ,
2405 3684 2501 3733 at-

996 3784 1128 3849 que
1164 3759 1526 3832 secundum
1567 3757 1735 3834 hanc
1772 3771 1989 3854 legem
2025 3786 2205 3834 actos
2241 3792 2357 3836 eos
2389 3793 2499 3836 an-

995 3886 1086 3929 no
1128 3869 1210 3936 V.
1266 3870 1336 3933 C.
1394 3868 1519 3934 800
1578 3892 1616 3932 a
1674 3871 1948 3935 Claudio
2005 3887 2282 3937 constat.
2367 3877 2500 3936 Ile-

991 3988 1151 4034 vera
1198 3971 1562 4049 Baronius,
1625 3973 1868 4058 aliique
1914 3975 2489 4038 nonnulli.recen-

993 4069 1201 4133 tiores
1264 4072 1549 4137 eundem
1612 4095 1849 4139 annum
1918 4083 2045 4159 §47
2096 4077 2496 4142 maluerunt.

994 4174 1082 4234 At
1127 4171 1433 4260 plerique
1491 4175 1885 4261 chronologi
1932 4180 2044 4242 alii
2099 4199 2341 4242 anuum
2392 4200 2495 4242 se-

2184 433 2846 514 PHILIPPVS·
2905 433 2966 510 1.

2621 622 2729 687 lus
2774 639 2943 688 anno
3001 603 3232 704 priore
3278 619 3568 705 signatus
3618 615 3858 683 horum
3902 611 4118 682 solen·

2622 725 2802 788 nium
2841 722 3241 787 mentionem
3291 720 3480 797 facit,
3524 735 3590 786 at
3641 720 3960 785 habemns
4009 718 4121 786 ὁο-

2623 827 2885 911 piosos,
2953 823 3068 911 qui
3114 843 3263 888 cum
3313 822 3417 886 his
3469 821 3643 885 ludis
3701 823 4116 887 consulatum

2623 930 2735 989 111.
2773 926 3064 1011 Philippi
3116 924 3352 1010 patris,
3396 938 3510 987 ant
3555 926 3634 986 11.
3674 921 3794 986 filii
3845 922 4119 1006 conjun-

2595 1061 2603 1088 ·.
2625 1041 2825 1113 gunt,
2871 1046 3040 1113 quae
3071 1040 3222 1096 sunt
3271 1038 3455 1089 certa
3497 1025 3739 1090 indicia
3779 1026 3932 1086 anni
3964 1037 4117 1108 post

2621 1131 2957 1195 Christum
3001 1128 3168 1206 448.
3248 1128 3565 1193 Ceterum
3618 1144 3836 1212 neque
3876 1126 4116 1195 Victor

2619 1233 3005 1298 adversatur
3092 1250 3265 1295 anno
3350 1251 3589 1295 annum
3670 1227 4115 1293 millenarium

2593 1332 3089 1419 consequenti,
3130 1355 3280 1397 nam
3332 1322 3634 1418 queritur
3677 1330 3779 1411 b),
3842 1349 3958 1393 suu
4005 1347 4118 1393 ae·

2618 1448 2753 1498 tate
2795 1452 2944 1518 post
2985 1449 3189 1500 anno‘s
3250 1435 3437 1499 mille
3482 1432 3915 1498 centesimum
3957 1450 4116 1494 con-

2620 1537 2764 1600 sule
2810 1536 3121 1622 Philippo
3156 1536 3552 1611 excessisse,
3595 1529 3837 1612 nullis,
3884 1532 3979 1598 uti
4010 1551 4116 1596 so-

2617 1638 2746 1714 let,
2792 1638 3173 1702 solennibus
3203 1637 3713 1722 frequentatum.
3759 1636 3844 1699 At
3873 1633 3984 1697 hic
4002 1633 4110 1697 Fl.

2616 1741 2910 1825 Philippi
2963 1741 3339 1804 consulatus
3393 1738 3568 1803 cadit
3615 1740 3681 1800 in
3735 1757 3974 1801 annum
4027 1736 4112 1800 V·

2618 1845 2697 1930 C.
2752 1842 2905 1905 tto’t
2959 1845 3033 1903 P.
3074 1842 3157 1903 X.
3207 1841 3373 1918 348,
3431 1839 3609 1926 quod
3654 1849 4118 1922 argumentum

2615 1943 2746 2027 jam
2800 1944 3017 2009 attulit
3044 1943 3511 2007 Tillemoutius
3554 1943 3636 2023 c).
3694 1943 3800 2004 Ex
3836 1958 3968 2024 quo
4002 1958 4114 2021 ap·

2614 2059 2804 2131 paret
2820 2091 2838 2123 ‚
2883 2045 3301 2110 constituisse
3317 2044 3694 2129 Philippum
3718 2040 3977 2106 nonnisi
4000 2059 4114 2102 ex·

2616 2147 2778 2212 actis
2812 2149 2997 2213 annis
3016 2147 3201 2210 mille
3228 2144 3351 2212 hos
3369 2143 3562 2210 ludos
3584 2164 3931 2230 peragere.
3958 2143 4119 2206 cas-

2615 2248 2919 2312 siodorus
2951 2262 3022 2311 et
3056 2239 3501 2333 Hieronymus
3531 2261 3872 2323 testantur,
3914 2243 4112 2307 ludus

2613 2351 2972 2415 theatrales
3032 2352 3103 2414 in
3155 2352 3398 2435 Campo
3447 2349 3687 2412 Martio
3735 2348 4110 2411 celebratos

2614 2450 2826 2518 tribus
2868 2451 3098 2518 diebus
3145 2474 3222 2517 ac
3265 2451 3570 2515 noctibus
3615 2452 3863 2535 populo
3891 2449 4113 2533 pervi-

2616 2554 2899 2641 gilante,
2948 2575 3079 2640 quo
3121 2554 3478 2631 docemur,
3524 2567 3666 2640 acta
3709 2565 3848 2614 tum
3885 2571 3973 2614 ea
4001 2569 4108 2613 es-

2614 2676 2687 2720 se
2707 2700 2724 2732 ,
2772 2675 2939 2740 quae
2966 2656 3139 2718 ludis
3172 2655 3616 2720 saecularibus
3639 2654 3890 2739 agenda
3919 2670 4114 2737 prae·

2615 2758 2845 2822 scribit
2895 2760 3196 2821 Zosimus
3228 2757 3320 2839 d).
3407 2756 3813 2840 Capitolinus
3848 2755 4105 2830 leones,

2611 2860 3074 2944 elephantos„
3115 2858 3406 2945 aliasqu'e
3469 2857 3646 2920 feras
3707 2863 4104 2929 enumerat,

2612 2982 2771 3047 quas
2819 2960 3188 3024 Gordianus
3232 2961 3344 3022 111.
3389 2958 3472 3023 ad
3521 2961 3862 3023 Persicum
3913 2977 4104 3020 suum

2610 3061 3016 3147 triumphum
3060 3061 3458 3135 reservavit,
3520 3074 3630 3124 aut
3674 3058 4110 3145 congregavit

2609 3164 2792 3249 ipse,
2836 3163 2955 3226 sed
3006 3185 3164 3247 quas
3214 3163 3492 3227 subinde
3534 3163 3880 3248 Philippus
3928 3160 4108 3234 ludis

2611 3259 3058 3330 saecularibus
3117 3268 3222 3329 vel
3290 3264 3511 3342 dedit,
3572 3265 3682 3329 vel
3726 3264 3968 3328 occidit
4021 3264 4106 3343 ο).

2608 3367 2827 3430 Lubet
2887 3368 2951 3429 in
3016 3381 3332 3452 sequente
3392 3366 3693 3450 catalogo
3747 3387 4102 3430 numerum

2606 3465 2853 3531 saeculi
2910 3469 3203 3532 milliarii
3241 3455 3529 3542 'testium
3594 3483 3869 3553 propter
3910 3489 4106 3553 argu·

2611 3570 2817 3632 menti
2852 3569 3271 3634 concordiam
3309 3571 3713 3656 conjungere
3756 3570 3952 3631 etiam
3984 3589 4106 3630 nu-

2565 3683 2755 3733 'mos
2797 3672 3090 3758 Philippi
3135 3673 3275 3757 jun.
3331 3688 3397 3736 et
3449 3671 3774 3737 Otaciliae
3831 3672 3910 3734 ad
3960 3691 4108 3733 eos-

2611 3770 2763 3836 dem
2801 3772 2996 3839 ludos
3027 3776 3459 3859 pertinentes.

2608 3978 2695 4042 A.
2890 3979 3067 4041 mr.
3098 3939 3878 4049 u.1v1..13n1131prv8.
3896 3949 4106 4056 Arga.

2899 4082 3104 4159 Caput
3129 4084 3299 4146 laur.
3331 4086 3616 4177 philippi
3641 4084 3699 4144 1.

2605 4177 3105 4248 mmamvm.
3159 4183 3657 4252 sancvnvn.
3711 4183 3779 4247 s,
3827 4183 3899 4246 c.
3963 4186 4104 4260 cvp-

927 4275 937 4284 ’
995 4288 1306 4357 quentem
1373 4278 1499 4349 248
1544 4279 1923 4361 praetulere
1984 4280 2282 4363 persuasi
2331 4280 2495 4345 invi-
2595 4303 2759 4364 pus,
2802 4287 2912 4347 cui
2945 4288 3342 4367 termimum.
3387 4285 3575 4352 COS.
3620 4288 3727 4350 111.
3759 4287 3894 4349 ΔΕ.
3939 4283 4100 4347 1.11.

994 4387 1105 4440 eto
1141 4397 1494 4444 numerum
1544 4379 1959 4461 testimonio,
2018 4403 2303 4468 quorum
2348 4383 2493 4444 nul-

2612 4386 2814 4466 (Musz
2849 4387 3066 4464 Caes.)

1022 4526 4089 4567 ...-...--..—..——.—.....—.—-.—-.........„.

1065 4611 1132 4681 e)
1169 4607 1232 4666 in
1269 4607 1579 4666 Gordiano
1618 4609 1718 4669 III.
1759 4631 1808 4668 e.
1844 4620 1935 4675 33.

884 4743 889 4752 .
993 4697 1060 4768 d)
1098 4698 1164 4756 1..
1204 4697 1277 4756 11.
1318 4699 1427 4757 sub
1469 4698 1592 4760 init.
1741 4703 1802 4774 e)
1844 4699 1908 4762 in
1945 4699 2133 4761 Gord.
2169 4701 2306 4794 105.

2118 4610 2188 4684 b)
2227 4612 2291 4669 in
2330 4611 2627 4673 Caesari&
2664 4610 2775 4674 sub
2814 4613 3119 4694 Philippo.

3299 4618 3362 4692 ο.)
3398 4599 3554 4678 usta
3591 4615 3693 4676 vt.
3729 4593 4096 4697 tn'Philipp,
