4475 5584
1096 447 1183 511 το
2031 423 2640 500 FAVSTINA
2684 448 2690 454 ·
2740 424 3187 502 IVNIOB.

1093 611 1181 673 tia
1210 601 1404 692 hujus
1443 608 1634 674 unice
1666 607 2121 694 philosophiae
2142 653 2159 683 ,
2221 622 2289 671 et
2319 607 2573 672 nativae

1093 714 1537 801 indulgentiae
1576 708 1975 782 dehebatnr,
2064 730 2195 773 non
2250 729 2379 774 uno
2418 711 2572 775 loco

1096 816 1456 879 meminere
1492 812 1788 876 historici
1817 826 2098 875 veteres.

1813 912 1849 951 a

1630 960 1670 997 fi

1385 1020 1469 1079 Vt
1507 1020 1604 1088 lit.
1629 1021 1714 1079 A.

1092 1118 1471 1186 PECVND.
1516 1114 2011 1183 AVGVSTAE.
2106 1119 2337 1179 Mulier
2390 1125 2572 1177 stans

1064 1248 1071 1255 ·
1085 1233 1358 1304 unaque
1371 1239 1566 1281 manu
1580 1220 1864 1306 sinqulos
1883 1221 2166 1299 infantes
2171 1225 2407 1297 quiae,
2436 1218 2532 1277 ali
2532 1236 2569 1277 o

1090 1327 1273 1399 hinc,
1314 1323 1449 1383 alio
1486 1321 1669 1380 illinc
1697 1322 2012 1382 adstante.
2068 1320 2207 1382 AR.
2246 1318 2385 1378 ΑΕ.
2419 1315 2573 1380 1.11.

1090 1428 1296 1502 (Mus.
1326 1419 1543 1500 Caes.)

1213 1520 1711 1586 Fecunditatem
1743 1540 1922 1581 suam
1936 1517 2244 1580 Faustina
2284 1517 2570 1601 prolium

1090 1643 1367 1687 numero
1447 1617 1702 1683 abunde
1781 1619 2112 1702 probavit,
2186 1620 2429 1682 utinam
2504 1630 2574 1679 et

1089 1724 1365 1812 perinde
1409 1720 1603 1784 fidem
1643 1721 1708 1780 in
1757 1720 2082 1785 maritum.
2154 1718 2462 1782 Ambitur
2501 1716 2571 1778 in

1090 1829 1217 1891 hoc
1256 1844 1457 1888 numo
1500 1820 1729 1910 liberis
1783 1834 2095 1903 quatuor,
2160 1834 2225 1881 at
2258 1820 2325 1881 in
2359 1819 2572 1882 numis

1092 1926 1423 2009 inscriptis
1465 1920 1857 1985 TEMPOR.
1900 1922 2179 1988 FELIC.
2233 1942 2350 1983 sex
2388 1939 2575 2005 prae·

1094 2043 1194 2092 sto
1228 2043 1413 2101 sunt,
1457 2037 1646 2086 aucto
1663 2022 1968 2084 nimirum
1994 2042 2220 2085 eorum
2272 2042 2570 2083 numero.

1088 2132 1179 2193 Et
1204 2128 1407 2191 fuisse
1440 2124 1697 2187 senario
1726 2124 1973 2209 plures,
2007 2123 2343 2206 colligitur
2367 2124 2568 2197 exiis,

1093 2250 1260 2315 quae
1311 2248 1505 2309 supra
1554 2227 1622 2287 in
1674 2224 1815 2306 ejus
1851 2224 1982 2286 vita
2031 2224 2418 2286 memoravi.
2498 2224 2573 2284 In

1090 2331 1304 2393 numis
1338 2327 2091 2398 1VNONLLVC1NAE.
2125 2323 2404 2386 infantes
2439 2338 2573 2386 tres

1091 2433 1382 2517 vagiunt.
1469 2426 1965 2492 Fecunditatem
2008 2446 2205 2514 ⁸nunc
2285 2426 2572 2510 primum

1086 2535 1158 2596 in
1201 2532 1416 2595 numis
1459 2528 1687 2615 jactari
1729 2527 2061 2605 videmus,
2123 2527 2247 2590 etsi
2290 2527 2569 2589 similem

1092 2637 1158 2696 in
1204 2634 1511 2697 Faustina
1559 2629 1820 2692 seniore
1872 2627 2258 2713 produxerit
2321 2627 2573 2690 Medio·

1087 2735 1362 2812 barbas,
1407 2756 1484 2797 au
1520 2736 1913 2817 genuinum,
1958 2730 2212 2815 ignoro.
2290 2728 2376 2790 Ei
2413 2742 2573 2791 tem-

1088 2839 1269 2923 plum
1335 2835 1556 2899 statuit
1623 2838 1838 2908 Nem,
1883 2847 2031 2895 nata
2091 2831 2214 2894 sibi
2289 2828 2423 2892 filia
2486 2849 2569 2891 ex

1089 2942 1394 3024 Poppaea
1427 2935 1505 3016 ⁸).
1581 2940 1838 3000 Numen
1906 2934 2080 2996 istud
2143 2952 2338 3016 saepe
2386 2931 2568 2993 dein-

1090 3059 1245 3124 ceps
1268 3040 1335 3102 in
1367 3039 1578 3101 numia
1595 3039 2033 3121 Augustarum
2071 3033 2416 3109 celebrari,
2449 3032 2570 3094 mi-

1090 3163 1236 3204 rum
1263 3161 1393 3202 non
1434 3154 1570 3215 est,
1614 3154 1679 3203 at
1713 3149 1967 3200 exstare
1987 3138 2183 3202 etiam
2215 3137 2283 3199 in
2308 3147 2570 3197 moneta

1089 3241 1407 3320 Gallieni,
1449 3240 1740 3302 insolens
1775 3238 1968 3321 plane
1997 3250 2116 3300 est.

1809 3338 1848 3376 a

1644 3382 1683 3419 st

1395 3446 1479 3504 Vt
1517 3444 1614 3503 Iit.
1636 3443 1716 3502 A.

1092 3541 1600 3610 FORTVNAE.
1668 3540 2116 3609 MVLIEBRI.
2186 3544 2421 3603 Mulier
2477 3562 2573 3603 se-

1087 3651 1243 3709 dens
1293 3650 1381 3707 d.
1424 3646 1923 3726 qubernaculam
1937 3686 1955 3719 ‚
2032 3665 2083 3707 s.
2130 3644 2569 3722 cornucopiae.

1086 3748 1228 3813 AV.
1262 3745 1520 3826 (Vaill.)
1556 3745 1697 3807 AR.
1733 3747 1931 3825 (Mus.
1971 3744 2187 3825 Caes.)

1211 3845 1447 3909 Refert
1502 3845 1800 3910 Valerius
1854 3847 2177 3910 Maximus
2224 3844 2327 3929 ¹0):
2377 3850 2568 3910 FOR-

1094 3952 1391 4013 TVNAE
1424 3949 1908 4011 MVLIEBRIS
1934 3953 2362 4025 simulacrum,
2399 3953 2573 4033 quod

1089 4063 1187 4113 est
1228 4055 1340 4112 via
1369 4051 1607 4112 Latina
1634 4053 1853 4112 ale.
1871 4052 2269 4127 milliarium,
2315 4074 2389 4114 eo
2419 4063 2568 4114 tem-

1082 4172 1241 4231 pore
1275 4171 1416 4213 cum
1450 4154 1610 4212 aede
1639 4169 1758 4211 sua
1792 4164 2224 4216 consecratam
2243 4198 2261 4229 ‚
2304 4175 2428 4238 quo
2461 4158 2572 4216 Co-

1088 4255 1408 4315 riolanum
1426 4254 1509 4312 ab
1541 4255 1798 4314 excidio
1815 4254 1991 4313 urbis
2009 4266 2335 4317 maternae
2346 4276 2570 4336 preces

1968 957 2012 995 ἂ

1973 3382 2011 3420 0

1200 4502 1262 4573 a)
1298 4492 1631 4557 Tacitxv.
1653 4508 1740 4561 23.
1788 4543 1798 4558 .
1890 4498 1959 4573 h)
1999 4499 2060 4555 L.
2100 4500 2142 4558 1.
2173 4520 2226 4559 c.
2255 4499 2412 4560 Vm.
2447 4506 2476 4573 §
2508 4508 2562 4560 4.

1096 4612 1150 4667 p.
1182 4597 1306 4652 318·
1455 4588 1516 4659 e)
1555 4585 1618 4642 L.
1653 4587 1761 4646 IV.
1795 4604 1844 4645 c.
1878 4601 1963 4663 19.

1093 4682 1136 4746 i)
1178 4674 1478 4754 Sapientia
1514 4696 1563 4735 c.
1598 4690 1650 4740 2.
1688 4694 1743 4735 v.
1777 4678 1830 4740 6.

2108 4591 2161 4661 s)
2194 4588 2256 4646 in
2289 4590 2613 4649 Pudicitiae
2641 4589 2889 4667 signum.

1975 4679 2045 4750 k)
2081 4678 2254 4736 Thes.
2288 4679 2391 4739 sel.
2420 4700 2578 4738 num.
2611 4695 2747 4755 pag.
2787 4679 2915 4745 336.

2684 612 3065 689 repulerunt.
3154 610 3316 695 Ejus
3392 611 3750 676 meminere
3811 612 4001 674 etism
4063 613 4164 673 Li-

2684 712 2828 774 vius
2859 710 2940 791 θ),
2978 711 3369 775 Plutarchus
3401 711 3490 793 d),
3526 713 3790 798 aliique,
3835 733 3996 798 quos
4037 713 4163 778 lau·

2687 812 2873 888 dant,
2958 826 3508 876 commentatores
3579 815 3664 878 D.
3695 815 4037 898 Augustini
4089 814 4166 876 de

2687 911 2878 975 Civit.
2930 913 3059 975 Dei
3089 917 3170 991 θ).
3242 915 3327 976 At
3359 935 3550 999 quam
3588 915 3810 999 inique
3852 914 4014 980 haec
4052 915 4166 978 dea

2685 1033 2834 1076 cum
2868 1014 3531 1099 Faustinajungatur‚
3576 1014 3775 1079 docet
3801 1017 4036 1078 Festus
4080 1015 4163 1094 ἲ),

2685 1116 2838 1175 item
2887 1119 2998 1177 via
3025 1120 3274 1188 ,Latina
3309 1121 3402 1177 ad
3445 1120 3823 1179 milliarium
3869 1121 3983 1182 IV.
4028 1122 4168 1181 Fors

2685 1226 2880 1279 tunae
2897 1221 3222 1280 muliebris
3244 1267 3258 1292 ‚
3295 1219 3482 1297 nefas
3508 1227 3604 1279 est
3618 1221 3859 1299 attingi
3875 1262 3893 1293 ‚
3933 1223 4067 1282 nisi
4090 1224 4169 1280 ab

2685 1336 2801 1392 ea,
2847 1339 3013 1401 quae
3063 1309 3261 1381 sembi
3315 1322 3552 1397 nupsit.
3615 1317 3872 1380 Cultam
3909 1338 4164 1403 quoque

2685 1420 2937 1480 Romae
2969 1421 3316 1482 Fortunam
3334 1422 3585 1481 virilem
3602 1463 3620 1495 ,
3652 1433 3720 1482 et
3735 1419 4000 1505 quidem
4020 1420 4165 1483 inde

2687 1541 2724 1581 a
2756 1519 2990 1583 Servio
3021 1520 3244 1582 Tullio
3267 1562 3285 1593 ‚
3316 1518 3645 1582 docebunt
3677 1520 4030 1603 Dionysius
4043 1522 4167 1583 Ha·

2685 1618 2801 1681 tie.
2831 1619 2928 1698 8),
2962 1634 3029 1683 et
3064 1619 3342 1684 Ovidius
3360 1615 3462 1716 ᾗ),
3508 1634 3700 1707 atque
3737 1623 3903 1685 hanc
3931 1645 3968 1685 a
3991 1622 4171 1687 femi-

2686 1721 2790 1782 nis
2824 1742 2982 1814 prae
3012 1721 3323 1784 Muliebri
3360 1718 3565 1784 fuisse
3603 1723 4052 1799 observatam,
4089 1722 4168 1786 ob

2689 1842 2946 1885 causam
2968 1868 2986 1900 ,
3031 1844 3223 1908 quam
3260 1811 3492 1889 eodem
3528 1823 3677 1889 loco
3713 1823 3976 1889 adducit
4019 1825 4172 1890 Ovi-

2687 1922 2853 1985 dius.

3423 2025 3462 2063 O

3586 2070 3624 2109 st

3258 2070 3296 2108 s-

2976 2130 3060 2189 Vt
3101 2131 3197 2190 lit.
3234 2134 3321 2190 A.

2683 2228 3125 2292 LAETITIA.
3173 2233 3408 2291 Mulier
3434 2240 3616 2291 stam
3639 2233 3700 2289 d.
3745 2248 4067 2304 coronam,
4118 2250 4166 2288 s.

2685 2333 3051 2410 scipionem.
3107 2331 3246 2392 AR.
3291 2332 3491 2409 (Mus.
3538 2329 3756 2410 Caesz)

2809 2431 3031 2494 Alium
3087 2430 3406 2495 Laetitiae
3464 2443 3691 2514 typum
3754 2430 4040 2495 vidimus
4104 2429 4167 2490 in

2682 2545 2944 2594 moneta
2995 2517 3307 2596 Antonini
3357 2531 3444 2596 ad
3493 2553 3732 2594 annum
3783 2534 3865 2601 V.
3905 2532 3984 2595 C.
4024 2549 4164 2615 902.

2688 2631 2823 2728 Qui
2864 2653 3064 2695 numo
3109 2647 3456 2718 praesente
3501 2633 3927 2717 proponitur,
3997 2632 4172 2696 dein-

2686 2753 2841 2818 ceps
2874 2733 3265 2820 plerumque
3318 2734 3443 2796 sibi
3501 2734 3779 2797 Laetitia
3825 2736 4166 2824 proprium

2681 2833 2860 2898 facit.
2904 2838 3162 2899 Corona
3210 2834 3650 2899 certissimum
3699 2836 3992 2901 laetitiae
4048 2836 4172 2921 sig-

2681 2959 2836 2999 num
2898 2956 3017 2998 seu
3077 2936 3381 3019 publicae
3402 2980 3427 3012 ‚‚
3498 2956 3618 3016 seu
3674 2938 3994 3020 privatae.
4079 2940 4174 3001 Ea

2685 3038 2861 3099 enim
2912 3037 3238 3121 aspirante
3294 3049 3431 3099 tota
3481 3057 3676 3121 saepe
3722 3038 3951 3102 civitas
3992 3059 4177 3106 coro·

2682 3153 2831 3202 nata
2889 3138 3177 3203 incessit.
3243 3138 3441 3200 Nulla
3483 3139 3622 3200 sine
3677 3140 3944 3204 coronis
3991 3156 4172 3227 grata
4265 3195 4272 3210 .

2685 3241 3021 3317 convivia,
3092 3238 3615 3318 comissationes,
3688 3242 3858 3305 vina.
3966 3244 4168 3312 Vetu-

2684 3341 3004 3424 stissimus
3045 3339 3154 3405 hic
3193 3361 3367 3419 mos,
3429 3357 3495 3405 et
3537 3342 3668 3427 jam
3716 3338 3800 3406 ex
3860 3342 4177 3409 sacris-li·

2686 3445 2848 3506 teris
2900 3442 3237 3527 cognitus,
3299 3441 3603 3507 hortante
3647 3443 3714 3504 in
3757 3444 3862 3506 his
3907 3444 4176 3508 homine

2687 3544 2909 3621 molli,
2973 3558 3041 3606 et
3099 3542 3543 3626 voluptatibus
3588 3545 3850 3627 penitus
3910 3546 4180 3610 immer-

2687 3664 2760 3706 so
2804 3642 2912 3743 ⁵)2·
2967 3647 3192 3708 Venite
3259 3666 3409 3727 erqo
3430 3689 3447 3721 ‚
3509 3658 3574 3709 et
3609 3648 3913 3727 fruamur
3975 3652 4176 3720 bonis,

2686 3767 2852 3830 quae
2882 3758 3032 3810 crant
3057 3781 3084 3794 ·-
3111 3778 3138 3793 -
3165 3766 3532 3810 coronemus
3563 3769 3682 3809 nos
3719 3753 3888 3811 rosis
3921 3784 3948 3797 ·-
3983 3784 4012 3796 -
4043 3750 4181 3812 ubi-

2682 3868 2804 3931 que
2846 3852 3281 3931 relinquamus
3314 3851 3505 3928 :cyna
3547 3851 3857 3912 laetitiae.
3919 3853 4178 3913 Recen-

2681 3949 2851 4012 tiora
2888 3968 3277 4013 coronarum
3304 3948 3373 4010 in
3411 3947 3675 4011 laetitiis
3705 3951 4009 4035 exempla
4043 3950 4179 4014 col-

2682 4050 2847 4134 legit
2876 4049 3167 4113 Oiselius
3198 4045 3286 4129 k).
3367 4049 3535 4133 Typi
3577 4050 3634 4112 si
3668 4051 3781 4136 qui
3815 4045 4177 4116 alii'Laeti·

2681 4152 2834 4213 tiam
2868 4151 3261 4213 comitantur
3281 4195 3298 4228 ‚
3341 4152 3734 4237 plerumque
3762 4151 4033 4219 facilem
4064 4155 4176 4219 ha·

2684 4252 2843 4314 hent
2873 4252 3288 4336 explicatum.

2709 4503 2782 4573 ς).
2819 4500 2882 4555 L.
2917 4497 2988 4556 11.
3024 4519 3072 4557 c.
3105 4507 3195 4561 lto.
3354 4496 3424 4572 d)
3479 4497 3552 4555 de
3584 4504 3745 4560 Fort.
3781 4499 3948 4557 Rom.
3990 4500 4059 4555 T.
4106 4497 4177 4556 11.

3058 4591 3122 4665 g)
3162 4588 3228 4650 1..
3257 4587 3359 4648 IV.
3505 4588 3575 4665 h)
3610 4593 3765 4649 Faat.
3805 4590 3869 4650 1..
3900 4588 4006 4650 IV.
4044 4595 4168 4652 145.
