4475 5584
1497 408 2219 533 ‘SALoNINva

312 593 702 661 sententiam
745 590 1080 678 mitigant,
1124 591 1253 659 boo
1296 593 1564 659 nomine
1610 593 1803 669 intel-

311 695 545 780 ligitur
575 695 900 793 Q.1ulius
931 696 1099 759 alter
1132 692 1421 765 Gallieni
1455 693 1648 770 filius,
1690 714 1807 781 pe·

314 810 446 861 tam
499 797 663 861 mihi
711 795 1013 884 probari,
1086 816 1241 860 eum
1289 809 1361 881 et
1422 797 1806 863 Saloninum

312 895 519 963 fuisse
566 897 835 964 dictum.
894 898 1100 975 Novi,
1159 896 1337 961 istud
1383 920 1423 963 a
1472 899 1809 964 nonnullis

316 1000 470 1064 duci
520 1018 606 1061 ex
654 999 904 1074 numia,
949 997 1065 1081 sed
1114 997 1514 1077 Goltzianis,
1558 981 1695 1064 tum
1742 1014 1810 1063 et

319 1098 700 1175 Trebellio,
766 1118 997 1161 verum
1061 1111 1198 1162 tota
1259 1098 1427 1163 haec
1489 1101 1813 1165 Trebellii

323 1199 537 1267 oratio
572 1219 769 1263 sensu
815 1214 1030 1277 caret,
1073 1212 1148 1265 ut
1196 1200 1362 1264 adeo
1397 1200 1528 1286 jam
1567 1203 1812 1267 Salma-

318 1302 458 1380 sio,
501 1314 639 1366 tum
688 1314 755 1363 et
798 1302 1004 1388 Pagio
1035 1299 1134 1381 ⁸),
1193 1302 1450 1380 luxata,
1496 1316 1564 1368 et
1608 1323 1812 1391 egere

321 1422 450 1490 ope
486 1404 747 1469 medica
776 1403 912 1466 visa
940 1403 1164 1465 fuerit.
1221 1406 1437 1490 Atque
1470 1403 1636 1469 haec
1670 1403 1812 1490 ejus

321 1503 698 1569 testimonia
757 1515 1328 1590 quantumcunque
1389 1505 1684 1573 imbellia
1746 1518 1816 1569 et

323 1607 577 1684 futilia,
638 1606 832 1670 unica
888 1618 1106 1669 tamen
1168 1618 1350 1681 sunt,
1411 1626 1580 1692 quae
1621 1607 1819 1676 Vale·

324 1709 1008 1791 rianum·Augustum
1068 1702 1501 1791 profitentur,
1562 1722 1632 1772 et
1687 1707 1815 1773 hoo

324 1810 520 1873 unico
548 1822 824 1874 'auctore
859 1808 996 1871 nixi
1025 1806 1410 1889 antiquarii,
1455 1827 1651 1892 quem
1684 1807 1818 1891 pri-

326 1910 478 1974 dem
511 1910 751 1995 Pagius
788 1912 994 1993 ipsam
1015 1951 1034 1984 ,
1073 1929 1265 1992 quam
1298 1910 1685 1994 scripserat,
1718 1907 1817 1971 hi-

328 2011 595 2076 storiam
634 2012 972 2095 ignorasse
1010 2009 1264 2093 arguit,
1319 2009 1402 2075 de
1439 2029 1571 2095 quo
1607 2022 1819 2075 exstat

326 2112 620 2199 ipsorum
671 2126 969 2174 veterum
1017 2110 1372 2194 judicium,
1431 2130 1582 2176 eum
1616 2113 1819 2184 multa

207 2228 222 2235 “
330 2217 651 2287 incuriose
674 2202 1041 2295 prodidisse
1068 2208 1129 2290 b)
1169 2223 1235 2273 et
1272 2210 1385 2296 qui
1418 2212 1635 2296 palam
1668 2232 1820 2294 pro·

330 2312 507 2378 {iteri
541 2335 672 2377 non
710 2301 1064 2388 dubitavit,
1106 2332 1177 2376 se
1208 2313 1331 2376 hos
1366 2312 1450 2377 de
1483 2313 1616 2376 vita
1643 2313 1821 2398 prin-

332 2415 552 2501 cipum
601 2415 871 2478 libellos
907 2433 1041 2476 non
1086 2414 1414 2491 scribere,
1458 2414 1580 2478 sed
1622 2413 1823 2479 dicta-

330 2537 446 2594 re,
494 2531 563 2580 et
620 2514 867 2580 dictare
921 2536 1069 2579 cum
1119 2534 1194 2578 ea
1247 2514 1705 2605 festinatione,
1749 2527 1824 2576 ut

332 2616 857 2703 respirandi'non
885 2615 1119 2679 habeat
1142 2615 1522 2680 facultatem
1555 2616 1821 2694 (δὴ-1100,

334 2719 638 2806 inquam,
667 2718 837 2779 ·nixi
887 2730 1159 2781 auctore
1212 2715 1578 2779 tacentibus
1624 2716 1826 2779 histo·

333 2819 493 2885 ricia
535 2818 811 2904 reliquis
850 2838 986 2883 non
1039 2815 1419 2891 dubitabant
1457 2816 1825 2903 Augustum

335 2923 773 3009 proclamare.

464 3025 548 3086 11.
591 3024 794 3085 Fasti.
838 3019 939 3083 Ad
981 3020 1140 3096 hos,
1200 3031 1273 3082 ut
1318 3017 1632 3096 diximus,
1673 3038 1828 3103 pro-

338 3137 536 3191 vocat
561 3120 939 3211 Trebellius
957 3167 973 3197 ‚
1013 3141 1161 3184 cum
1188 3122 1255 3183 in
1284 3120 1365 3183 iis
1395 3121 1655 3204 legeret
1684 3122 1830 3187 VA-

341 3223 761 3288 LERIANO.
792 3222 1399 3289 IMPERATORE.
1423 3221 1622 3285 COS.
1645 3220 1830 3315 Quos

343 3324 550 3390 fastos
582 3325 666 3389 ob
699 3326 926 3389 oculos
961 3324 1300 3400 habuerit,
1343 3324 1568 3386 neseio
1586 3342 1607 3395 ‚·
1666 3341 1830 3406 quos

345 3427 546 3493 hodie
576 3427 963 3511 superstites
986 3424 1340 3500 habemus,
1384 3421 1552 3487 hanc
1585 3421 1836 3487 formu-

344 3531 476 3593 lam
517 3529 855 3612 ignorant,
899 3548 1114 3613 neque
1150 3526 1363 3588 solum
1399 3524 1467 3586 in
1505 3523 1673 3601 boc,
1717 3519 1837 3585 sed

299 3633 416 3694 -in
475 3629 775 3693 omnibus
833 3644 1012 3692 retro
1067 3626 1593 3712 imperatoribus.
1659 3624 1838 3721 Quid

350 3732 529 3819 quod
561 3734 740 3819 haec
761 3730 1084 3804 formula,
1133 3730 1364 3794 saltem
1399 3742 1652 3791 uteam
1685 3745 1839 3809 pro-

348 3834 573 3920 ponit,
618 3848 845 3917 aperte
880 3831 1072 3894 fallit.
1114 3830 1424 3894 Additum
1462 3825 1653 3892 COS.
1685 3827 1841 3890 eitu-

349 3937 508 4022 plex
566 3948 798 3997 notare
855 3932 1262 3995 consulatum
1296 3933 1379 4005 1..
1437 3948 1636 3994 nemo
1692 3928 1839 4004 erit,

351 4038 467 4122 qui
498 4035 805 4119 ambigat.
837 4031 1172 4103 Valeriani
1197 4032 1406 4095 nostri
1433 4033 1842 4096 consulatum

320 4143 404 4216 ‚1,
444 4136 647 4203 fuisie
683 4133 1068 4211 suffectum,
1114 4133 1355 4196 docent
1386 4132 1557 4195 fasti.
1598 4134 1700 4196 An
1734 4132 1848 4195 ha·

355 4242 587 4304 bemus
617 4237 829 4302 adhuc
861 4235 1270 4318 exemplum,
1310 4232 1446 4310 illi,
1479 4233 1592 4317 qui
1624 4234 1846 4315 Augu-

359 4359 499 4417 stus
527 4340 653 4407 fuit
674 4385 691 4417 ,
724 4338 1012 4402 delatum
1046 4333 1251 4400 fuisse
1292 4322 1679 4413 suffectum,
1708 4354 1845 4397 non

3257 432 3405 515 429

1919 590 2371 659 ordinarium?
2427 591 2560 667 Sed
2616 595 2944 663 mittamus
2997 597 3182 667 haee.
3271 598 3410 684 Op·

1916 709 2121 781 ponet
2163 691 2434 783 aliquis,
2478 696 2546 758 in
2586 696 2917 765 Chronico
2962 700 3410 766 Alexandrino

1920 816 2158 862 anuum
2215 808 2367 883 post
2409 794 2741 863 Christum
2787 800 2912 867 2⁶6
2968 801 3215 888 signari
3257 819 3415 867 con·

1922 897 2139 960 sulatu
2172 893 2553 977 Ουαληςιανυ
2584 897 2886 987 »Amyntore
2925 925 2998 967 το
3034 901 3127 983 Δ,
3169 903 3241 968 id
3273 915 3409 971 θεῖε

1921 990 2333 1076 cadenaco»,
2392 986 2655 1078 iterem,
2715 1016 2783 1066 et
2826 1014 3117 1080 constat,
3176 1003 3418 1068 eodem

1926 1099 2053 1167 hoc
2086 1119 2255 1161 anno
2282 1100 2703 1167 Valerianum
2735 1117 3031 1169 nostrum
3061 1091 3421 1191 processis-

1926 1210 2008 1269 se?
2042 1201 2379 1265 consulem
2423 1202 2688 1265 iterum.
2733 1205 2818 1266 At
2853 1205 2998 1290 quis
3032 1225 3167 1268 non
3210 1205 3416 1282 videt,

1928 1300 2327 1371 chronicon·
2359 1301 2571 1378 istud,
2634 1316 2708 1367 ut
2769 1306 2986 1368 omnia
3044 1328 3156 1370 sus
3201 1304 3421 1393 deque

1929 1401 2192 1476 miscet,
2233 1401 2323 1464 ita
2361 1415 2427 1465 et
2461 1401 2589 1483 boc
2624 1405 2778 1469 loco
2809 1405 3421 1490 parachronismum
3544 1426 3557 1437 ·

1847 1586 1854 1595 ὴ
1928 1501 2277 1566 admittere
2312 1523 2424 1591 ⁹se
2488 1504 2792 1590 dignum,
2867 1529 3018 1571 nam
3086 1496 3426 1574 Valeriani

1902 1608 2214 1686 ·Auqust2'
2255 1604 2522 1671 nomine
2563 1627 2697 1672 non
2738 1606 3053 1709 intelligit
3091 1609 3424 1695 juniorem

1845 1768 1854 1775 ,
1928 1718 2265 1782 nostrum,
2332 1705 2452 1770 sed
2506 1706 2834 1771 seniorem
2894 1708 3088 1789 hujus
3146 1725 3425 1795 patrem·

1934 1806 2248 1869 Ceterum
2279 1805 2505 1871 mirari
2538 1807 2751 1881 subit.
2787 1809 3235 1890 Trebellium,
3271 1830 3425 1877 cum

1931 1906 2354 1973 Valerianum
2431 1908 2716 1993 probare
2791 1908 3160 1994 Augustum
3222 1913 3427 2001 cupit.

1931 2006 2187 2071 nullum
2256 2005 2565 2095 proferre
2636 2004 3127 2079 monumentum
3150 2056 3168 2085 ,
3249 2012 3430 2099 quod

1933 2125 2087 2172 eum
2120 2127 2357 2173 revera
2393 2110 2739 2175 Caesarem
2776 2111 2883 2175 vel
2926 2113 3297 2196 Augustum
3332 2114 3432 2179 di·

1934 2223 2068 2287 cat,
2114 2210 2270 2272 dum
2322 2213 2574 2287 omnia,
2633 2233 2801 2299 quae
2842 2211 3096 2292 adfert,
3154 2218 3430 2283 excluso

1934 2311 2169 2398 quovis
2205 2311 2336 2373 alio
2379 2311 2569 2375 titulo
2604 2333 2753 2376 eum
2792 2313 3260 2398 imperatorem
3292 2335 3433 2386 tan·

1934 2425 2072 2476 tum
2113 2410 2382 2476 faciunt.
2429 2412 2627 2507 Quod
2658 2413 2716 2475 si
2749 2416 2942 2479 etiam
2981 2415 3249 2495 demus.
3294 2442 3433 2486 non

1934 2513 2141 2578 fuisse
2168 2512 2520 2596 deceptum
2540 2514 2953 2583 Trebellium
2989 2517 3303 2601 legendis·
3326 2520 3432 2587 his

1938 2611 2464 2697 epigrammatis,
2510 2609 2724 2677 tamen
2761 2616 3107 2697 probatum
3136 2620 3463 2686 nondum,

1938 2728 2073 2792 est,
2115 2714 2541 2784 Valerianum
2577 2728 2961 2800 propterea,
3010 2721 3186 2804 quod
3230 2723 3437 2807 impe·

1937 2828 2121 2879 rator
2174 2815 2555 2890 dicebatur,
2620 2816 2826 2880 fuisse
2891 2833 2999 2882 aut
3059 2822 3433 2902 Caesarem,

1939 2931 2052 2980 aut
2075 2916 2466 2998 Augustum.
2503 2916 2802 2989 Vidimus
2832 2919 3109 2984 diatriba
3132 2926 3435 3007 superio·

1939 3010 2070 3094 re,'
2099 3015 2481 3080 Saloninum
2528 3032 2601 3081 et
2647 3019 2953 3083 Carinum
3007 3043 3160 3087 cum
3201 3023 3433 3106 fratre,

1943 3118 2141 3182 etiam
2193 3138 2345 3182 cum
2381 3120 2697 3182 Caesares
2744 3133 2995 3186 tantum
3044 3141 3299 3205 essent,
3342 3130 3439 3206 di-

1945 3231 2090 3283 ctos
2146 3230 2365 3281 tamen
2432 3219 2899 3305 imperatores3
2959 3240 3221 3310 poterat
3268 3248 3437 3313 ergo

1947 3334 2016 3385 et
2066 3319 2493 3395 Valerianus,
2562 3336 2636 3385 ut
2691 3324 2850 3389 olim
2903 3327 3163 3392 Drusus
3219 3333 3442 3398 senior

1949 3420 2082 3487 dici
2147 3420 2507 3506 imperator
2578 3423 2773 3487 titulo
2844 3442 3085 3512 nempe
3150 3431 3441 3511 militari,

1949 3521 2075 3587 etsi
2123 3528 2342 3607 neque
2395 3523 2636 3589 Caesar
2675 3540 2878 3603 esset,
2942 3547 3161 3613 neque
3208 3534 3434 3617 Augu-

1949 3638 2112 3690 stus.
2143 3621 2151 3630 ’
2179 3622 2384 3701 Vide,
2430 3647 2596 3709 quae
2636 3627 2724 3691 de
2767 3629 2897 3693 hoc
2940 3647 3331 3711 argumente
3370 3636 3444 3700 in

1950 3722 2213 3791 laudata
2259 3723 2535 3791 diatriba
2583 3726 2668 3791 ad
2707 3750 3057 3796 numerum
3098 3735 3211 3803 Vl.
3246 3737 3443 3822 plura

1953 3827 2487 3890 commemoravi.

2079 3926 2190 3987 111.
2235 3929 2583 3989 Marmora.
2647 3926 2967 4004 Vnicum,
3020 3932 3206 4016 quod
3260 3938 3448 4020 equi-

1956 4022 2107 4088 dem
2143 4024 2396 4100 norim,
2440 4045 2729 4089 marmor
2760 4040 2999 4119 exstat,
3043 4031 3223 4116 quod
3252 4037 3448 4104 Vah.

1954 4128 2218 4192 rianun
2252 4137 2550 4188 nostrum
2595 4127 2855 4213 prodat.
2914 4132 3039 4195 Est
3069 4134 3244 4217 apud
3278 4138 3449 4203 Gru·

1956 4243 2174 4294 terum
2201 4225 2264 4305 ἃ)
2334 4239 2404 4289 et
2466 4227 2742 4312 insignis
2802 4248 2957 4294 sane
3017 4237 3445 4317 auctoritatis,

1956 4351 2107 4395 nam
2149 4327 2453 4393 inhaeret
2493 4330 2676 4395 arcui
2720 4345 2952 4417 portae
3014 4332 3197 4400 urbis
3238 4340 3451 4411 vag-0.

348 4476 3439 4518 ...q-*mm

299 4620 308 4627 ,
435 4575 498 4645 a)
539 4570 684 4628 crit.
727 4569 858 4626 Bar.
897 4566 975 4624 ad
1012 4566 1088 4622 V.
1131 4566 1199 4622 C.
1242 4573 1398 4627 1013·
1436 4563 1488 4635 §-
1525 4571 1583 4626 3.

359 4661 492 4723 rino
525 4673 641 4738 tyn
844 4656 913 4730 d)
950 4658 1085 4734 Peg.
1127 4654 1250 4718 166.
1288 4664 1342 4715 2.
1597 4653 1600 4656 ’

1701 4552 1732 4587 ”
1778 4558 1851 4632 b)
1886 4556 2188 4638 Vopiscus
2222 4502 2301 4619 ins
2322 4555 2645 4654 Aureliano
2681 4576 2731 4616 c.
2769 4569 2824 4622 2.

3025 4567 3087 4627 e)
3125 4563 3189 4625 iu
3227 4567 3451 4627 Censo-
