4475 5584
1162 428 1296 519 L.
1400 424 2066 518 SEPTIMI'vs
2169 444 2784 519 SEVERVS..

976 670 1017 709 a
1142 626 1183 667 “
1310 671 1351 712 s

711 732 796 794 Vt
835 733 930 794 lit.
972 733 1053 792 A.

430 831 1228 903 VOTA.‘SVSCEP'1·A.
1270 830 1413 894 XX.
1497 833 1676 894 Idem
1707 841 1912 912 typus.

421 938 561 1001 AR.
607 939 740 999 ΑΕ.
787 939 991 1015 (Mus.
1017 934 1235 1014 Caes.)
1290 982 1301 986 -

546 1037 880 1102 Exhibent
912 1036 983 1097 hi
1017 1036 1198 1098 numi
1228 1049 1379 1100 vota
1426 1054 1574 1098 cum
1611 1047 1913 1117 suscepla

416 1137 839 1216 decennalia,
872 1143 881 1153 “
930 1120 1070 1201 tuin
1145 1151 1446 1220 suscepta
1526 1136 1910 1200 vicennalia.

413 1240 588 1309 Vide
646 1253 993 1304 tractatum
1054 1238 1140 1301 de
1185 1239 1355 1301 votis
1423 1236 1912 1300 decennalibus.

416 1345 628 1442 Quam
659 1340 1002 1425 magnifica
1022 1342 1258 1404 horum
1292 1341 1637 1402 occasione
1662 1350 1914 1421 specta·

413 1436 601 1519 cula,
678 1455 787 1505 et
811 1443 1193 1506 venationes
1256 1442 1544 1505 ediderit
1600 1441 1910 1517 Severus,

412 1545 647 1630 legere
686 1557 789 1608 est
817 1542 988 1628 apud
1026 1545 1312 1607 Dionem
1346 1545 1428 1627 ⁸.)

702 1807 711 1817 ,
779 1748 854 1810 V.
896 1750 957 1810 C.
986 1756 1132 1814 956.
1189 1751 1263 1811 P.
1292 1751 1374 1811 X.
1403 1756 1553 1812 203.

422 1852 551 1913 ΤΒ.
580 1851 653 1913 Ρ.
692 1852 809 1912 xl.
849 1852 1025 1913 COS.
1062 1853 1189 1912 111.
1231 1853 1300 1911 P.
1333 1854 1423 1913 M.
1460 1853 1530 1911 P.
1560 1854 1628 1912 P.
1685 1852 1906 1914 PIVS.

412 1953 488 2016 P.
525 1954 839 2033 Septimio
861 1955 1049 2028 Geta,
1089 1955 1165 2014 L.
1205 1953 1434 2015 Fulvio
1452 1954 1797 2014 Plautiano
1815 1954 1907 2013 11.

1092 2073 1222 2115 cos.
1274 2106 1279 2111 ,

545 2256 831 2321 Severus
844 2256 1255 2320 Plautianum
1283 2254 1686 2343 praefectum
1727 2274 1912 2338 prae-

412 2359 633 2432 torio,
675 2358 1025 2420 Plautillae
1056 2372 1347 2442 patrem,
1391 2356 1677 2421 interfici
1702 2357 1908 2442 jubet.

414 2459 525 2523 De
584 2459 726 2541 ejus
781 2458 1051 2545 opibus,
1128 2459 1334 2537 fastu,
1408 2460 1700 2544 potentia
1757 2461 1908 2523 vide

412 2561 609 2646 plura
655 2561 720 2621 in
756 2561 1085 2624 Plautilla.
1150 2563 1422 2624 Factum
1460 2561 1636 2623 istud
1678 2582 1912 2624 secun-

413 2661 574 2725 dum
612 2662 987 2727 Chronicon
1018 2650 1533 2725 Alexandrinum
1565 2663 1671 2725 die
1701 2664 1907 2728 xxu.

410 2763 699 2826 Ianuarii
766 2765 918 2827 anni
963 2765 1381 2849 praesentis3·
1432 2779 1499 2827 at
1551 2764 1912 2826 Tillemon·

415 2865 550 2929 tius
624 2864 691 2927 in
756 2866 1039 2929 eundem
1114 2864 1288 2927 diem
1365 2865 1517 2927 anni
1579 2864 1912 2949 sequentis

416 2964 682 3041 differt,
740 2968 1041 3051 quoniam
1101 2984 1183 3028 ex
1239 2965 1382 3049 ejus
1424 2967 1744 3027 sententia
1797 2967 1916 3028 Se·
2017 2972 2279 3040 praeter
2324 2965 2537 3025 Iovem
2575 2967 2940 3042 Tarpeium,

413 3086 617 3131 verus
665 3067 793 3131 hoc
840 3070 1121 3153 primum
1179 3088 1349 3130 anno
1408 3085 1569 3129 vere
1627 3081 1910 3132 exeunte

422 3187 508 3232 ex
549 3166 829 3233 Oriente
869 3172 1145 3232 Romam
1177 3167 1444 3231 advenit
1474 3164 1564 3250 ¹²).

1147 3270 1186 3309 δ

3375 470 3518 540 183

2022 628 2091 691 in
2160 649 2236 691 ea
2304 641 2493 691 uatus
2568 641 2740 704 erat,
2836 626 3040 692 fuisse
3119 628 3512 720 beneficum,

2025 726 2217 811 supra
2254 730 2324 789 in
2360 751 2559 791 numo
2594 730 2745 792 anni
2780 734 2857 797 V.
2899 733 2968 793 C.
3009 740 3132 813 947
3163 733 3528 822 inscripto:

2022 831 2375 906 AFRICA,
2424 830 2799 908 docuimus,
2846 849 2912 897 et
2946 836 3325 918 Spartianus
3375 840 3518 923 ejus

2023 932 2090 995 in
2128 930 2455 1014 Tripolim
2494 931 2765 1015 patriam
2805 933 3307 1001 benevolentiae
3337 943 3525 1003 testi·

2028 1033 2245 1097 monia
2294 1049 2766 1096 commemorat
2797 1036 2877 1115 0).
2941 1038 3209 1100 Certum
3260 1039 3402 1125 'ejus
3451 1043 3523 1105 in

2028 1134 2493 1219 Carthaginem
2546 1134 2852 1197 meritum
2884 1135 3039 1213 fuit,
3086 1140 3262 1224 quo'd
3297 1152 3525 1209 narrat

2023 1232 2343 1318 leianus
2374 1233 2440 1314 d)
2462 1258 2482 1298 ε
2525 1238 2605 1298 In
2639 1239 2871 1316 Africa
2908 1242 3254 1322 Carthayo‚
3305 1247 3516 1322 Vtica,

2023 1339 2241 1417 Leptis
2288 1358 2527 1418 mayna
2570 1360 2614 1397 a
2663 1341 2834 1398 divis
2873 1341 3148 1419 Severo,
3207 1353 3274 1407 et
3317 1343 3548 1425 Amor
3671 1354 3680 1363 “

2022 1441 2180 1500 nino
2201 1441 2385 1516 juris
2427 1441 2651 1500 Italici
2667 1442 2895 1517 factae
2929 1453 3098 1505 sunt.

2052 1551 2059 1558 ·
2152 1542 2377 1622 Typus
2429 1559 2696 1603 aversae
2750 1540 2925 1603 haud
2979 1543 3176 1609 dubie
3212 1547 3399 1611 deam
3435 1549 3523 1612 si·

2025 1638 2136 1702 stit
2203 1661 2239 1701 a
2282 1640 2545 1702 Didone
2619 1643 2901 1729 profuga
2969 1646 3141 1730 apud
3184 1649 3522 1734 Carthagi·

2022 1761 2173 1803 nem
2227 1740 2588 1805 dedicatam
2615 1788 2633 1820 ,
2679 1767 2867 1829 quam
2902 1747 3145 1830 Libyes
3182 1750 3522 1831 Vraniam‚

2022 1860 2141 1904 seu
2185 1843 2598 1919 Caelestem,
2660 1847 3029 1913 Phoenices
3076 1853 3525 1920 Astroarchen

2026 1943 2183 2021 (nisi
2265 1942 2441 2006 forte
2514 1945 2906 2031 Astartemy
2955 1952 3218 2030 dixere,
3261 1956 3518 2031 ,lunam

2021 2062 2172 2107 esse
2229 2044 2680 2125 adfirmantes,
2744 2064 2816 2114 ut
2870 2065 3149 2116 testatur
3193 2054 3525 2122 Herodia·
3619 2044 3628 2055 ’

2021 2167 2144 2209 nus
2177 2148 2260 2228 ⁶).
2334 2149 2498 2230 Ejus
2547 2149 2709 2214 deae
2756 2174 2880 2236 per
2923 2155 3294 2221 universam
3348 2160 3523 2224 Afri-

2024 2266 2206 2325 cam,
2288 2270 2364 2313 ac
2413 2254 2765 2337 praecipue
2829 2254 3221 2342 Carthagine
3289 2243 3518 2328 insano

2025 2351 2291 2413 adfectu
2353 2354 2570 2417 cultae
2631 2355 2944 2440 frequens
3020 2361 3193 2442 apud
3250 2378 3518 2429 veteres

2023 2453 2294 2529 mentio,
2341 2473 2619 2537 quorum
2655 2458 3023 2520 testimonia
3047 2463 3322 2548 collegit
3353 2468 3525 2535 Vos·

2024 2553 2157 2615 sius
2203 2550 2277 2634 s).
2376 2556 2511 2618 Sed
2591 2571 2660 2619 et
2725 2557 2867 2640 ejus
2938 2548 3177 2645 religio
3240 2566 3522 2632 Romam

2023 2656 2315 2739 pervasit
2373 2657 2693 2740 permissa
2759 2660 2859 2721 illi
2917 2662 3303 2730 hereditatis
3367 2669 3524 2734 ade·

2029 2756 2244 2819 undae
2309 2759 2536 2834 venia,
2619 2775 2692 2822 ut
2742 2761 2987 2827 diserte
3044 2765 3364 2850 leianus
3409 2773 3512 2850 Β).

2028 2861 2197 2922 Deos
2259 2863 2593 2936 instituere
2654 2865 2912 2925 heredes
2989 2888 3119 2930 non
3174 2891 3520 2947 possumus

2998 3000 3026 3016 -
3066 3002 3095 3017 -
3133 3002 3162 3017 -
3202 3003 3229 3019 ·
3270 2981 3338 3034 et
3376 2976 3523 3037 Coe-

2027 3065 2245 3125 lestem
2269 3067 2674 3127 Salinemem
2715 3069 3136 3149 Carthaginis.
3224 3072 3521 3137 Eandem

2029 3164 2402 3227 Coelestem
2438 3185 2584 3228 cum
2638 3168 3032 3267 Carthagine
3074 3191 3334 3259 quoque
3368 3194 3524 3237 con·

2022 3262 2238 3348 jungit
2271 3266 2529 3329 illustre
2573 3289 2862 3332 marmor
2907 3286 3132 3350 vetus,
3195 3275 3376 3359 quod
3419 3290 3526 3340 est

705 3372 1131 3441 SEVERVS.
1170 3374 1391 3442 PlVS.
1439 3371 1640 3442 AVG.
1712 3373 1918 3453 Caput
2025 3366 2198 3450 apud
2261 3387 2382 3431 nos
2425 3368 2894 3451 vindobonae,
2968 3376 3436 3465 vulgatumque
3482 3401 3520 3444 a

706 3478 1083 3538 laureatum.

412 3575 1049 3644 INDVLGENTIA.
1111 3575 1371 3643 AVGG.
1429 3576 1542 3639 IN.
1589 3574 1909 3639 CARTH.

410 3682 556 3743 Dea
608 3684 672 3740 d.
700 3681 950 3759 fialmen
970 3722 988 3754 ‚
1047 3699 1099 3739 e.
1131 3683 1383 3740 hastam
1429 3681 1602 3741 loom·
1631 3682 1913 3740 currenti

413 3784 741 3856 insidens,
769 3786 978 3859 Juxta
1003 3801 1227 3875 rupes,
1279 3802 1363 3844 ea·
1391 3803 1522 3864 qua
1550 3801 1725 3863 aqva
1759 3800 1911 3860 pro·

284 3870 295 3887 ⁸
412 3892 660 3945 manat.
693 3881 833 3943 AR.
880 3882 1079 3960 (Mira.
1102 3884 1327 3961 Caes.)
1430 3940 1451 3955 ,,

544 3984 619 4044 In
672 3983 1006 4047 Caracalla
1060 4003 1321 4068 quoque
1368 4002 1603 4045 numus
1654 3982 1907 4046 obvius.

418 4084 609 4181 Quae
643 4084 845 4148 fuerit
880 4085 1049 4148 haec
1081 4085 1487 4170 indulgentia
1532 4083 1911 4170 Carthagini

414 4185 501 4250 ab
529 4187 843 4270 Augustis
872 4188 1187 4273 impensa,
1232 4186 1718 4270 ascriptoribus
1754 4186 1912 4249 reti-

417 4302 628 4352 cetur.
670 4291 841 4352 Eum
880 4290 1244 4374 generatim
1279 4288 1345 4350 in
1374 4286 1687 4365 Africam,
1733 4287 1911 4374 quod

487 4550 552 4622 ι)
588 4546 961 4608 1,.1,xxv¹.
1000 4549 1053 4621 ς.
1094 4560 1145 4606 1.

1306 4544 1378 4620 b)
1420 4545 1571 4603 Nota
1598 4555 1669 4609 25
1700 4545 1763 4601 in
1805 4544 2003 4606 Sever.

2028 3468 2339 3555 Scipione
2374 3469 2641 3535 Maffeio
2673 3468 2773 3552 ¹¹).

2238 3702 2246 3710 ·
2293 3674 2753 3742 CAELES'I'I.
2794 3679 3269 3751 AVGVSTAE

2250 3806 2256 3811 ·
2308 3777 2452 3838 ΕΤ.
2497 3778 3070 3847 AESCVLAPIO.
3121 3787 3244 3856 AV

2351 3874 2674 3944 Gvs'ro.
2720 3882 2861 3946 ΕΤ.
2908 3885 3191 3952 GENIO

2384 3979 2995 4049 CARTHAGINIS.
3042 3987 3164 4050 ΕΤ

2369 4079 2669 4149 GENIO.
2713 4087 3180 4156 DACIARVM

2369 4179 2626 4251 OLVS.
2673 4188 3182 4260 TERENTIVS

2509 4287 2861 4387 PVDENS
2901 4304 3030 4356 etc.

2147 4546 2210 4618 c)
2255 4542 2403 4621 Cap.
2439 4551 2530 4606 18.

418 4634 497 4697 de
519 4637 776 4697 Censib.
814 4642 867 4712 §.
906 4648 958 4701 8.
1073 4641 1133 4712 e)
1172 4635 1237 4696 in
1272 4635 1516 4714 Elagab.
1604 4636 1661 4707 s)
1698 4633 1981 4714 Theolog.
2021 4648 2173 4714 gent.
2212 4632 2389 4695 1..11.
2430 4640 2598 4701 c-aets
2710 4640 2775 4716 g)
2817 4637 2891 4699 de
2924 4639 3145 4721 regulis
3177 4640 3264 4702 tit.
3290 4641 3508 4705 xxm.

413 4729 518 4808 qui
555 4725 761 4789 hei-ed.
798 4726 983 4790 instit.
1020 4745 1181 4806 poss.

1325 4725 1399 4803 h)
1437 4727 1586 4784 Mus.
1625 4724 1845 4789 Veron.
1883 4743 1949 4804 p.
1982 4732 2131 4798 239·-

2673 4540 2743 4619 d)
2781 4546 2952 4627 Digg.
2994 4544 3099 4607 lib.
3141 4545 3208 4609 Ι..
3254 4549 3340 4609 tit.
3379 4552 3511 4615 XV.
3625 4612 3652 4629 „
