4475 5584
1555 437 2248 527 COMMODVS.
3282 466 3419 535 125

347 636 410 684 et
495 616 761 705 quidem
802 618 1195 698 {secundum
1275 619 1562 685 Dionem
1649 641 1819 686 anno

330 729 419 796 V.
453 729 525 792 C.
557 727 685 792 728
708 724 811 804 ³),
856 721 1054 806 idque
1106 721 1306 785 ‹le-se
1346 722 1488 807 ipse
1546 736 1822 786 testatur

336 830 759 891 inmarmore
806 824 1154 903 Ancyrano
1181 820 1287 902 ¹²)=
1337 826 1821 893 -TEMPLVM-

340 930 534 1025 QVE.
569 923 1063 992 APOLLINIS.
1125 924 1235 990 IN.
1256 926 1644 990 PALATIO
1678 959 1706 974 ·
1735 959 1763 974 -
1794 957 1821 972 ·

338 1032 555 1094 FECI.
609 1027 890 1090 Palatini
945 1026 1136 1108 hujus
1167 1026 1494 1111 Apollinis
1542 1026 1818 1090 subinde

336 1133 620 1196 honores
676 1149 953 1193 crevere
1003 1130 1179 1192 victo
1216 1128 1322 1191 -ad
1365 1129 1628 1192 Actium
1662 1173 1680 1207 ,
1752 1142 1820 1191 et

336 1232 506 1316 juxta
562 1230 889 1315 Apollinis
937 1230 1112 1294 Actii
1165 1230 1482 1313 templum
1509 1229 1818 1292 Antonio.

337 1336 592 1396 Nasone
636 1350 899 1416 quoque
961 1332 1448 1417 tanti-‘gratiam
1511 1329 1821 1395 beneficii

333 1434 470 1517 ejus
489 1431 598 1497 dei
632 1432 1043 1517 praesentiae
1076 1417 1409 1517 acceptam
1428 1432 1685 1497 serente
1722 1435 1816 1516 0)=

375 1641 580 1706 Visite
610 1640 934 1718 lauriyero
965 1648 1227 1699 sacrata
1254 1640 1520 1699 Palatia
1548 1629 1817 1701 Phoebo.

318 1783 327 1788 -
410 1743 537 1804 Ille
558 1743 986 1803 Paraetonias
1012 1742 1234 1801 mersit
1264 1742 1337 1801 iu
1368 1741 1508 1801 alta
1540 1751 1733 1801 rates.

328 1943 515 2007 Dixit
556 1945 984 2005 Paraetonias
1026 1960 1148 2024 pro
1182 1938 1572 2022 Aegyptias,
1630 1962 1665 2003 a
1702 1943 1823 2003 Pa·

330 2045 631 2109 raetonio
657 2041 1087 2119 Marmaricae
1120 2041 1397 2126 oppido,
1443 2060 1609 2126 quae
1632 2043 1822 2126 regio

330 2146 635 2234 Aegypto
687 2142 906 2208 addita
955 2133 1341 2227 Cleopatrae
1404 2144 1641 2226 paruit.
1712 2146 1826 2206 At-

333 2269 458 2336 que
510 2249 678 2311 haec
728 2265 921 2308 causa
969 2257 1106 2320 est,
1169 2263 1290 2306 cur
1334 2243 1570 2306 eodem
1618 2244 1821 2322 cultu,

333 2352 647 2413 nimirum
681 2347 946 2409 indutus
983 2345 1188 2422 stola,
1234 2359 1610 2428 compareat
1631 2346 1829 2429 Apol*

332 2454 400 2515 lo
429 2451 772 2514 Palatinus
792 2492 810 2526 ,
873 2467 1001 2531 quo
1037 2438 1262 2509 Actius
1284 2447 1371 2508 ⁴in
1402 2447 1687 2532 copiosis
1713 2469 1833 2509 nu-

330 2555 455 2615 mis
489 2550 814 2636 Augusti,
877 2569 1157 2632 quorum
1202 2548 1474 2610 memini
1532 2547 1600 2609 in
1636 2549 1829 2632 hujus

330 2669 603 2718 moneta
649 2651 733 2715 ad
791 2670 1030 2714 annum
1056 2652 1137 2717 V.
1170 2651 1244 2713 C.
1275 2648 1399 2731 733
1423 2694 1440 2725 ,
1501 2664 1568 2712 et
1615 2651 1828 2734 gentis

332 2755 703 2830 Antistiae,
767 2771 932 2836 quae
984 2749 1287 2813 denarios
1333 2749 1514 2812 dedit
1555 2751 1829 2836 inscrip-

335 2872 479 2922 tos:
550 2852 1000 2930 APOLLINI.
1048 2851 1340 2916 ACTIO.
1384 2852 1457 2914 In
1501 2873 1829 2950 marmore

334 2955 693 3022 Muratorii
756 2953 1059 3038 proditur
1115 2953 1603 3018 SACERDOS.
1651 2955 1833 3016 ΒΙΑ-

302 3059 539 3124 'Nan
583 3056 877 3126 vlc'rn.
939 3057 1085 3118 ET.
1142 3043 1631 3137 Aronmms.
1693 3056 1837 3117 ΡΑ.

334 3163 628 3225 LA'rim·
692 3154 780 3237 ἃ).
881 3156 1181 3220 Zosimus
1264 3176 1525 3240 quoque
1606 3157 1833 3218 memi-

335 3262 437 3326 nit
491 3260 680 3325 aedis
739 3258 1072 3322 Palatinae
1131 3257 1456 3342 Apollinis
1488 3253 1589 3340 0),
1662 3279 1833 3322 earn·

338 3384 472 3450 que
537 3363 905 3446 imperante
955 3358 1207 3422 Iuliano
1267 3371 1556 3443 apostata
1612 3360 1834 3424 incen-

339 3466 453 3529 dio
506 3465 807 3529 haustam
848 3459 1369 3546 periclitantibus
1410 3460 1569 3545 ipsis
1604 3461 1837 3526 carmi-

336 3569 544 3631 nibus
580 3564 887 3630 Cumanis
917 3561 1224 3649 perhibet
1256 3563 1637 3627 Ammianus
1668 3566 1842 3628 Mar-

341 3669 633 3736 cellinus
676 3663 751 3749 f).
879 3683 887 3690 ·

916 3913 954 3954 ὖ
1080 3869 1120 3908 ξ
1242 3911 1283 3951 ὓ

638 3977 884 4038 Amica
909 3975 1119 4036 varia.
1286 4031 1301 4053 ,

341 4080 619 4147 HERC.
652 4075 949 4141 COMM.
994 4073 1104 4136 vel
1126 4095 1169 4136 :-
1205 4071 1839 4141 COMMODIANO.

342 4187 423 4249 P.
462 4185 565 4245 lu.
596 4182 737 4243 ΤΒ.
781 4180 863 4240 P.
891 4157 1063 4244 xvi.
1120 4173 1311 4238 cos,
1348 4166 1473 4243 5⁷1.>
1539 4180 1844 4240 Hercules

341 4286 720 4350 amimam
750 4290 931 4343 stam
958 4288 1110 4342 aute
1137 4297 1322 4338 aram
1356 4280 1417 4337 d.
1440 4289 1754 4358 pateram,
1791 4298 1843 4339 s.

342 4387 815 4464 commendas,
842 4385 1051 4459 juxta
1096 4381 1319 4453 arbor,
1364 4399 1449 4441 ea·
1478 4401 1608 4463 qua
1640 4382 1843 4442 leonis

1934 623 2214 682 eze-aviae
2235 624 2532 698 pendent.
2577 621 2712 691 AV.
2753 625 3013 707 (vain.)
3067 631 3202 694 ΑΕ.
3255 621 3424 700 m’ax.

1925 720 2110 788 mod.
2190 722 2406 802 (Mum.
2445 723 2734 806 Albani.)
2795 731 3144 808 AE.-1.‘11.
3226 735 3424 815 (Mus.

1938 822 2156 901 Caes.)
3277 901 3282 906 ⁶

1938 980 1947 989 .
2060 925 2164 984 Eo
2182 922 2467 1012 denique
2487 929 2773 995 insaniae
2791 931 3096 1016 delapsus
3112 947 3212 998 est
3233 936 3426 1000 Com-

1923 1021 2203 1102 modus,
2265 1041 2337 1090 ut
2386 1033 2769 1097 non-modo
2805 1033 3000 1098 deum
3046 1054 3191 1098 sese
3223 1038 3424 1121 proii-

1936 1134 2189 1186 teretur
2220 1128 2522 1209 publice,
2569 1154 2733 1217 quae
2778 1135 3043 1219 quidem
3087 1135 3421 1205 dementia

1931 1226 2284 1289 nonnullos
2316 1231 2510 1295 etiam
2544 1235 2955 1317 superiorum
2977 1236 3422 1320 Augustorum

1934 1328 2315 1410 occupavit„
2402 1333 2517 1394 sed
2596 1334 2848 1418 abjecta
2913 1321 3121 1399 'etiam
3181 1341 3423 1417 laurea,

1931 1441 2119 1489 sueto
2157 1426 2472 1494 hactenus
2521 1435 2991 1518 imperatorum
3041 1439 3422 1520 gestamine,

1934 1541 2126 1610 caput
2173 1550 2364 1592 suum
2412 1531 2518 1594 dei
2570 1535 2752 1597 cultu
2807 1552 3108 1600 ornatum
3163 1541 3230 1602 in
3285 1562 3422 1603 mo-

1932 1641 2082 1688 neta
2120 1629 2382 1712 publica
2401 1636 2900 1716 proponendum
2944 1655 3224 1703 curaret.
3262 1643 3419 1706 Fuit

1932 1728 2107 1791 istud
2160 1728 2475 1795 hactenus
2524 1736 3120 1804 vanitati-Graecae
3151 1743 3427 1825 permis-

1936 1852 2117 1906 sum,
2162 1851 2332 1914 quae
2362 1852 2559 1918 reges
2596 1856 2749 1898 suos
2779 1839 2971 1901 variis
3010 1842 3133 1903 diis
3169 1844 3429 1906 adsimi-

1937 1931 2134 2007 lavit,
2184 1947 2380 2017 atque
2433 1936 2625 1997 etiam
2664 1939 3035 2021 Augustos,
3089 1942 3273 2022 cujus
3319 1947 3427 2010 ,lu-

1940 2033 2200 2094 culenta
2248 2036 2547 2119 exempla
2594 2037 2660 2097 in
2695 2040 2910 2108 numis
2935 2043 3217 2108 Neronis
3250 2067 3428 2110 com·

1941 2135 2128 2195 matis
2146 2137 2485 2219 peregrini
2525 2137 2802 2201 vidimus
2815 2162 2835 2219 ;
2875 2162 3102 2205 verum
3136 2145 3216 2207 ab
3251 2151 3425 2231 turpi

1941 2235 2064 2299 hac
2103 2236 2476 2299 adulatione
2535 2238 2840 2316 immunis
2890 2242 2957 2304 in
3028 2244 3202 2310 hunc
3249 2246 3428 2312 diem

1906 2385 1911 2391 .
1941 2335 2067 2398 fuit
2097 2351 2356 2399 moneta
2389 2341 2870 2418 Romanorum,
2914 2357 3109 2429 atque
3147 2349 3271 2411 etsi
3315 2350 3433 2412 bu-

1940 2436 2044 2520 jus
2080 2452 2301 2520 partes
2344 2459 2612 2502 aversae
2659 2463 3118 2529 nonnunquam
3155 2449 3434 2536 impera·

1944 2552 2157 2600 torem
2197 2538 2305 2599 dei
2335 2537 2561 2601 habitu
2604 2543 2914 2620 vestiant,
2980 2546 3156 2610 istud
3210 2563 3432 2616 tamen

1921 2637 2187 2704 ‚factum
2239 2640 2691 2718 reverentius,
2739 2657 2804 2706 et
2851 2648 3170 2711 nonnullo
3220 2652 3434 2719 adhuc

1944 2741 2243 2825 pudore3
2305 2762 2453 2804 nam
2507 2744 2943 2826 appellatione
2988 2747 3095 2810 dei
3137 2768 3437 2817 constan·

1949 2855 2052 2904 ter
2080 2841 2392 2903 abstinuit
2434 2842 2795 2928 epigraphe
2818 2889 2836 2923 ,
2882 2848 3178 2934 nihilque
3210 2853 3281 2915 in
3300 2856 3438 2919 cul-

1946 2955 2018 3004 tu
2054 2941 2284 3026 capitis
2310 2941 2754 3020 immutatum,
2799 2950 2976 3031 quod
3027 2951 3435 3036 majestatem

1947 3042 2211 3127 imperii
2256 3042 2635 3111 dedeceret.
2706 3049 2888 3113 Haec
2946 3052 3208 3117 demum
3265 3056 3440 3121 clau-

1948 3161 2082 3210 stra
2128 3144 2453 3232 perfregit
2486 3135 2829 3211 Commodi
2862 3149 3302 3236 impudentia,
3349 3175 3444 3223 at·

1950 3269 2079 3334 que
2121 3247 2277 3310 inde
2327 3248 2409 3311 ab
2466 3247 2593 3311 hoc
2643 3269 2812 3313 anno
2879 3272 3087 3338 usque
3139 3256 3222 3320 ad
3271 3260 3440 3323 vitae

1950 3350 2197 3415 exitum
2247 3370 2596 3413 numorum
2639 3349 2780 3431 ejus
2815 3365 2881 3414 et
2926 3357 3322 3444 epigraphe,
3374 3375 3445 3426 et

1951 3453 2090 3538 typi
2145 3464 2560 3538 praesentem
2627 3449 2823 3516 deum
2889 3458 3285 3543 loquuntur,
3346 3463 3446 3524 ni-

1955 3556 2196 3617 mirum
2257 3556 2803 3640 quemadmodum
2873 3576 2939 3623 et
3028 3564 3243 3625 omnia
3305 3562 3441 3639 illa,

1954 3676 2120 3742 quae
2156 3658 2473 3742 turpiter,
2531 3679 2697 3743 quae
2742 3660 3039 3743 impure,
3101 3685 3268 3748 quae
3303 3686 3451 3729 cru-

1956 3755 2232 3837 deliter,
2280 3779 2446 3843 quae
2485 3758 2914 3843 gladiatorie,
2960 3765 3451 3847 quaelenonice

1954 3859 2247 3934 fecerat,
2310 3860 2472 3924 actis
2498 3860 2680 3923 urbis
2712 3861 2914 3925 incidi
2944 3864 3162 3943 jussit,
3225 3880 3299 3930 ut
3359 3870 3451 3932 ait

1956 3960 2373 4046 Lampridius
2405 3971 2488 4042 s).
2569 3965 2731 4027 Cum
2768 3961 3088 4048 adrogare
3139 3965 3265 4030 sibi
3302 3989 3453 4053 pos·

1959 4078 2091 4140 set,
2153 4080 2320 4147 quae
2370 4063 2613 4138 vellet,
2658 4065 2985 4129 Hercules
3019 4084 3164 4128 esse
3199 4069 3448 4147 maluit,

1903 4215 1909 4220 .
1959 4165 2265 4251 quoniam
2307 4185 2434 4251 per
2487 4164 2862 4229 belluarum
2924 4166 3195 4230 caedem
3256 4168 3449 4254 hujus

1961 4289 2107 4333 sese
2146 4268 2462 4333 virtutem
2531 4267 2832 4351 proxime
2896 4287 3209 4352 aequasse
3262 4273 3450 4336 credi

1957 4368 2185 4434 voluit.
2258 4372 2452 4435 Hunc
2520 4369 2679 4432 olim
2739 4367 3058 4446 hominis,
3122 4384 3191 4433 at
3248 4372 3447 4435 modo

352 4521 3450 4560 ww

465 4631 535 4701 a)
572 4627 638 4685 L.
665 4625 877 4685 XLIX.
916 4631 967 4701 ς.
997 4638 1083 4694 15·
1142 4691 1146 4695 ,
1230 4623 1302 4699 b)
1338 4624 1486 4686 Tab.
1517 4622 1618 4687 tv.
1656 4636 1780 4684 v.1.

348 4723 409 4791 e)
450 4719 523 4780 L.
549 4718 625 4778 11.
663 4717 795 4777 sub.
832 4714 954 4777 init.
1100 4717 1153 4789 o
1190 4716 1263 4778 L.
1290 4714 1480 4774 XXII.

1928 4624 1989 4694 c)
2030 4622 2155 4678 Art.
2185 4626 2356 4697 amat.
2393 4597 2572 4676 Lm.
2610 4633 2667 4674 v.
2693 4595 2846 4688 3089.⁴
2972 4587 3446 4706 dJ‘Pag41194.

1625 4717 1691 4794 g)
1729 4714 1876 4790 Cap.
1914 4723 1998 4774 15.
