4475 5584
1407 435 1625 520 mc,
1678 372 2330 512 GALLIENA.

1308 723 1751 786 LICINIA
1834 726 2424 788 GALLIENA.

438 919 729 986 Gallioni
759 903 1150 985 consobrina
1178 931 1447 984 auctore
1461 919 1826 986 Trebellio-

312 1028 385 1093 in
439 1027 637 1090 Celso
691 1038 991 1105 tyranno.
1109 1024 1215 1086 De
1268 1045 1468 1087 numo
1532 1025 1809 1110 exiguae

318 1146 474 1196 sane
521 1125 679 1191 fidei
716 1145 864 1189 cum
910 1125 1271 1211 epigraphe
1299 1126 1566 1190 LICIN.
1604 1123 1813 1188 GAL-

317 1230 609 1295 LIENA.
700 1228 939 1304 AVG„
1033 1246 1230 1313 quem
1306 1228 1811 1311 Barthelemyus

212 1368 220 1379 ·
318 1339 474 1402 huic
503 1331 908 1420 largiendam
937 1328 1228 1416 putavit,
1270 1327 1463 1408 vide,
1500 1347 1668 1415 quae
1704 1348 1815 1393 co·

320 1438 571 1523 piosius
630 1433 913 1501 disserui
968 1426 1056 1496 ad
1107 1452 1344 1511 numos
1386 1430 1675 1497 Gallieni
1717 1428 1814 1495 in·

1924 921 2204 1006 scriptos
2217 921 2577 1020 VBIQvtE.
2602 918 2802 987 PAX.
2833 930 3149 1008 pag-4¹2.
3194 923 3417 993 Fuere

1924 1022 2160 1097 etiam,
2220 1024 2332 1107 qui
2386 1044 2661 1103 numos,
2726 1027 2799 1089 in
2861 1046 3146 1111 quorum
3207 1027 3419 1091 antica

1925 1138 2028 1189 est
2055 1137 2255 1209 caput
2286 1123 2573 1188 Gallieni
2624 1146 2771 1189 cum
2816 1118 3177 1215 epigraphe
3216 1129 3421 1191 GAL-

1925 1228 2277 1289 LIENAE.
2324 1228 2828 1304 AVGVSTAE,
2866 1228 3092 1291 eidem
3130 1230 3423 1295 tribuen-

1926 1327 2048 1390 dos
2088 1340 2428 1411 putarent,
2489 1349 2681 1416 quam
2729 1329 3115 1393 sententiam
3180 1314 3455 1396 eodem*
3550 1392 3560 1398 .

1925 1428 2082 1497 loce
2112 1427 2419 1496 refutavi.

1581 1724 2122 1809 'TYRANNL

377 2016 384 2023 .
443 1958 701 2021 norum
731 1950 1001 2037 triginta
1033 1945 1320 2013 Gallieni
1347 1911 1844 2010 afflixissem..

328 2061 583 2146 perium
620 2055 822 2120 tradit
866 2051 1280 2125 Trebellius,
1323 2049 1596 2111 nimium
1632 2062 1817 2111 certe

325 2174 517 2225 aucto
553 2175 867 2230 namet-03
916 2174 1180 2228 verum,
1225 2165 1297 2213 ut
1324 2150 1640 2227 creditur,
1683 2150 1823 2234 pla·

325 2264 465 2330 cuit
499 2261 754 2325 bomini
801 2257 1011 2322 sciolo
1061 2254 1311 2317 inferre
1351 2267 1659 2335 tyrannos
1693 2250 1821 2313 ‹tri-

325 2364 541 2447 ginta,
587 2362 737 2448 quia
787 2383 825 2423 a
866 2358 1157 2440 tyran‘nis
1194 2355 1467 2419 totidem
1517 2353 1674 2417 olim
1711 2369 1821 2413 ve·

326 2479 506 2529 xatas
543 2463 835 2543 Athenas
873 2472 1148 2523 constat.
1224 2457 1410 2524 Vtin
1444 2453 1819 2539 imperium,

323 2567 418 2630 ita
452 2565 523 2627 in
556 2563 820 2649 imperii
850 2580 1112 2647 quoque
1143 2558 1286 2641 jura
1310 2558 1662 2631 involasse,
1706 2578 1824 2635 nu·

326 2668 419 2731 mi
466 2664 757 2750 copiosi,
806 2663 918 2748 qui
966 2681 1194 2724 eorum
1235 2659 1617 2721 memoriam
1670 2678 1826 2720 con-

235 2842 264 2851 „
328 2785 721 2842 servavere,
768 2774 1111 2849 testantur.
1200 2759 1271 2822 Si
1303 2758 1576 2821 Goltzio
1624 2754 1822 2819 fidem

330 2869 687 2944 habemns,
731 2886 960 2931 eorum
983 2860 1204 2925 nullus
1233 2873 1367 2937 est,
1412 2877 1608 2945 quem
1640 2856 1828 2942 igno-

1930 1957 2037 2009 ret
2090 1942 2362 2008 scientia
2409 1941 2880 2010 numismatica.
2974 1945 3059 2008 At
3093 1946 3150 2011 is
3183 1946 3251 2010 in
3296 1946 3425 2015 hac

1932 2067 2195 2132 quoque
2227 2044 2401 2109 serie
2422 2044 2765 2111 infaustam
2788 2046 2991 2125 ¹nobis
3023 2069 3205 2123 suam
3233 2051 3426 2114 uber·

1932 2160 2133 2210 tatem
2187 2147 2494 2212 obtrusit.
2577 2146 2741 2231 Ejus
2800 2170 2921 2214 nos
2956 2169 3258 2216 mercem
3298 2172 3425 2237 pro

1933 2247 2231 2311 instituto
2250 2263 2481 2313 nostro
2510 2248 2945 2327 indicabimus
2960 2266 3248 2333 tantum,
3286 2275 3426 2321 nen

1933 2350 2434 2434 explicabimus.

2060 2455 2320 2514 Horum
2371 2463 2702 2513 monetam
2754 2465 3181 2534 tyrannorum
3229 2479 3267 2522 a
3299 2458 3430 2522 Po.

1936 2565 2152 2616 stumo
2182 2551 2695 2633 auspicabimur‚
2740 2554 2889 2637 quia
2906 2553 3192 2619 Gallieni
3225 2557 3426 2622 vitant

1936 2653 2265 2738 copiosius
2299 2651 2620 2729 illustrat,
2666 2650 3171 2742 diuturniorque
3212 2671 3285 2723 et
3315 2677 3427 2723 re·

1939 2755 2137 2841 liquis
2181 2754 2505 2839 insignior
2530 2753 2672 2836 ejus
2701 2753 2828 2820 fnit
2862 2756 3122 2824 seditio.

811 3182 903 3244 M.
993 3174 1660 3241 CASSJANJVS
1741 3173 2288 3237 LATINIVS
2364 3172 2970 3239 POSTVMVS.

459 3389 555 3451 H.
633 3380 1002 3446 Cassianius
1078 3375 1379 3451 Latinius
1452 3377 1826 3454 Postumus,

331 3490 497 3554 baec
538 3488 714 3552 enim
763 3505 918 3548 vera
965 3479 1109 3564 ejus
1139 3478 1331 3541 fuere
1363 3477 1662 3552 nomina,
1709 3477 1825 3557 (V.

331 3592 508 3655 infra
546 3591 614 3653 in
649 3584 1013 3666 Nominib.)
1050 3579 1538 3645 obscuro'loco
1570 3578 1637 3640 in
1675 3580 1828 3642 Gal·

335 3695 424 3759 lia
465 3706 656 3756 natus
714 3702 992 3773 proptor
1050 3684 1452 3769 singularem
1511 3681 1822 3747 virtutem

325 3817 374 3858 a
414 3790 768 3861 Valeriano
835 3786 1089 3850 Galliae
1170 3783 1584 3870 praefectus,
1657 3782 1825 3866 ejus·

335 3915 469 3983 que
514 3889 745 3957 limitis
788 3889 1137 3954 adversum
1182 3888 1546 3949 Germanos
1607 3897 1825 3955 custos

331 3994 732 4060 constitutus
765 4005 888 4057 est.
933 3992 1034 4053 Eo
1065 4009 1219 4053 usus
1246 3986 1547 4067 adjutore
1584 3982 1829 4048 Gallie·

335 4116 462 4160 nus
489 4094 724 4181 primis
770 4092 1034 4177 imperii
1083 4090 1267 4153 annis
1299 4090 1662 4153 Germanos
1692 4085 1830 4147 for-

338 4192 500 4264 titer
530 4196 871 4280 repressit.
935 4195 1014 4261 V.
1047 4193 1121 4256 C.
1158 4210 1315 4254 tono
1339 4184 1681 4256 Gallienus
1718 4185 1831 4251 ad·

338 4319 576 4365 versus
619 4300 984 4382 Ingenuum
1026 4295 1095 4356 in
1128 4292 1462 4357 Pannonia
1506 4292 1835 4356 rebellan-

338 4416 480 4467 tem
521 4397 859 4485 proficisci
913 4408 1179 4461 coactus
1232 4392 1442 4457 filium
1485 4414 1673 4455 suum
1721 4394 1838 4457 Sa·

336 4499 640 4568 loninum
686 4499 955 4583 sylvani
1017 4498 1270 4562 interea
1327 4494 1485 4560 fidei
1529 4494 1833 4560 credidit.

345 4605 565 4701 Quem
587 4602 912 4666 honorem
944 4623 1090 4667 cum
1125 4601 1248 4664 sibi
1278 4612 1698 4684 praereptum
1721 4598 1834 4662 ‹lo-

349 4704 526 4771 ἵει-ει
548 4708 935 4781 Postumus,
977 4704 1326 4768 occasione
1355 4700 1581 4763 militis
1606 4698 1835 4766 adver-

1942 3395 2051 3439 sus
2082 3374 2437 3457 Sylvanum
2464 3372 2702 3438 irritati
2737 3376 3083 3441 commode
3124 3399 3281 3443 usus
3312 3381 3431 3445 im-
3534 3416 3539 3423 -

1940 3490 2316 3562 perator-em
2352 3495 2498 3539 sese
2538 3476 2751 3540 creari
2778 3499 3005 3560 passus
3039 3493 3177 3559 est,
3218 3504 3298 3548 ac
3317 3486 3451 3550 Sa·-

1942 3579 2238 3641 loninum
2320 3599 2450 3642 nna
2529 3600 2679 3642 cum
2758 3579 3042 3662 Sylvano
3115 3584 3430 3652 Coloniae
3493 3632 3497 3637 -

1945 3684 2342 3771 Agrippinae
2387 3680 2688 3753 inclusit,
2735 3683 2911 3766 quod
2942 3682 3185 3748 sactum
3226 3690 3434 3774 suspi-

1940 3806 2058 3849 cor
2089 3785 2171 3851 V.
2193 3786 2266 3847 C.
2307 3803 2419 3867 so}
2438 3803 2460 3842 ι
2490 3825 2510 3860 ,
2552 3795 2626 3845 ut
2644 3781 2905 3846 dicetur
2932 3784 3103 3851 infra
3134 3790 3256 3854 sub
3275 3791 3427 3856 trib.

1938 3899 2284 3972 potestate.

2277 4089 2352 4150 V.
2386 4088 2449 4148 C.
2491 4091 2676 4149 1011.
2721 4089 2794 4151 P.
2826 4089 2911 4152 Χ.
2934 4095 3088 4155 258.

2028 4192 2158 4257 Ta.
2200 4192 2275 4253 Ρ.
2320 4189 2498 4252 COS·
2541 4187 2734 4252 DES.
2769 4191 2860 4252 11.
2905 4193 2976 4253 R.
3025 4195 3113 4256 M.
3157 4197 3226 4257 Ρ.
3274 4201 3347 4266 Ρ,

2066 4395 2241 4460 Cum
2284 4389 2601 4478 Augusti.
2622 4389 2815 4456 titulo
2874 4393 3162 4463 bonores
3206 4419 3433 4469 omnes

1946 4519 2099 4564 cum
2143 4499 2274 4562 boc
2317 4492 2622 4560 connecti
2674 4494 2903 4560 solitos
2950 4500 3233 4588 adoptat.
3320 4507 3438 4571 Sa-

1947 4602 2246 4667 loninum
2289 4596 2604 4668 Coloniae
2648 4598 3054 4686 Agrippinae
3095 4605 3437 4674 obsessum

1949 4718 2156 4772 tenet.
3088 4708 3095 4715 “
