4475 5584
1007 435 1147 512 158

1000 598 1459 680 Hierusalem:
1483 598 1573 663 Et
1586 618 1746 663 vero
1762 597 2192 662 Palaestinam
2211 598 2498 660 Pescen-

998 706 1111 768 nio
1152 722 1313 788 prae
1355 702 1605 766 Severo
1644 700 1922 775 favisse,
1985 698 2090 760 his
2126 697 2347 761 verbis
2399 711 2494 759 te-

1910 406 2666 521 PESCENNIVS
2765 411 3162 494 NIGER.

2605 606 2744 659 tum
2757 597 2979 660 numis
3003 581 3362 680 inscripsit.
3404 595 3491 660 At
3525 595 3696 661 enim
3714 593 4094 660 Farnesiaui

2607 697 2788 759 numi
2827 697 3026 761 fidem
3055 699 3188 784 jam
3208 697 3462 761 abunde
3492 700 3774 766 elevavit
3808 700 4098 785 Spanhe·
4185 735 4194 740 -
4255 698 4264 706 ’

1002 818 1207 883 statur
1242 804 1619 886 Spartianus
1654 802 1748 882 ·):
1809 803 2263 880 Neapolitanis
2295 803 2492 860 etiam
2607 796 2773 861 mius
2799 813 3072 885 ,autopta
3106 804 3190 882 c).

1000 909 1590 968 Palaestinensibus
1605 909 1730 982 jus
1758 904 2046 963 civitatis
2078 904 2264 975 tulit,
2320 903 2496 984 quod
2567 953 2616 968 .-

983 1028 1105 1086 pro
1140 1010 1347 1088 Niyro
1378 1008 1493 1066 diu
1522 1008 1592 1066 in
1624 1005 1824 1064 armis
1845 1006 2149 1083 fuerant,
2194 1001 2490 1086 loquitur

1796 1106 1886 1165 Et
1941 1102 2118 1166 idem
2178 1101 2351 1164 infra
2383 1104 2485 1182 Ὃς

989 1212 1384 1271 Palaestinis
1391 1228 1669 1294 poenam
1691 1209 1971 1282 remisit,
2014 1225 2208 1289 quam
2239 1207 2319 1268 ob
2336 1225 2488 1267 cau·

995 1120 1213 1170 autem
1282 1105 1365 1168 de
1414 1107 1686 1184 Severo.

986 1331 1128 1372 sam
1155 1313 1351 1392 Niqri
1378 1318 1760 1376 meruerant.

1460 1531 1663 1595 Numa·
1703 1531 2016 1609 suspecti.

1202 1711 1424 1777 ATT.
1442 1705 1696 1809 KAIE.
1714 1713 1798 1775 K.
1818 1655 2287 1786 ssEZKfflN
2297 1703 2482 1786 102.

1209 1810 1642 1877 ΝῙΓΕΡΟΣ.
1708 1811 1916 1880 ΣΕΒ.
1983 1818 2275 1888 Infitias
2349 1810 2478 1874 Nl-

1210 1910 1567 1980 ΓΕΡΩΣ.
1628 1920 1833 1996 Caput
1863 1920 2246 1979 laureatum.

974 2013 1579 2079 ΑΝΤΙΟΧΕΩΝ.
1647 2012 2197 2081 ΝΕΟΚΟΡΩΝ.
2295 2020 2473 2080 Ceres

974 2122 1256 2196 stam-d.
1289 2122 1535 2202 spicas,
1563 2129 1617 2179 s:
1622 2122 1870 2199 facem,
1897 2139 2018 2198 pro
2042 2122 2313 2198 pedibus
2344 2140 2474 2182 ser·

967 2240 1163 2304 pens.
1191 2211 1712 2282 AE.max.mod.
1760 2222 1960 2293 (Mus.
1982 2217 2251 2308 Farnes.
2291 2222 2471 2287 'r.V.

971 2320 1104 2385 tab.
1152 2323 1247 2384 18.
1279 2323 1690 2403 Havercamp
1728 2319 1808 2382 ad
1847 2319 2157 2396 Orosium
2189 2343 2253 2405 p.
2287 2321 2465 2403 501.)

1099 2421 1244 2484 Nisi
1264 2419 1569 2500 Pedrnsii
1591 2467 1608 2497 ,
1673 2435 1740 2483 et
1770 2422 2211 2507 Havercampi
2246 2437 2469 2486 aucto-

965 2521 1127 2585 ritas
1193 2521 1431 2602 horum
1486 2541 1836 2586 numerum
1878 2521 2076 2585 fidem
2143 2536 2463 2597 tueretur,

967 2642 1212 2707 operae
1242 2623 1530 2708 pretium
1563 2624 1771 2687 visum
1803 2621 1932 2685 non
1971 2637 2182 2699 esset,
2228 2644 2462 2687 eorum

962 2724 1072 2786 vel
1114 2724 1510 2786 meminisse.
1597 2722 1784 2786 Adeo
1832 2725 2047 2787 omnia
2098 2737 2459 2788 extremam

965 2846 1406 2909 παραχαρακτκ
1464 2824 1896 2909 ignorantiam
1962 2838 2308 2889 testantur.
2392 2818 2461 2886 Σ

950 2946 1088 3010 ‚pro
1129 2928 1179 2990 C
1236 2926 1390 2990 huic
1442 2947 1603 2989 aevo
1653 2927 1846 3009 plane
1894 2926 2315 3004 adversatur,
2395 2940 2465 2989 et

966 3029 1283 3110 scriptum
1325 3021 1737 3088 ΝΙΓΕΡΟΣ
1761 3072 1781 3098 ‚
1825 3041 1972 3103 aut,
2033 3028 2211 3112 quod
2254 3029 2462 3112 magis

967 3127 1358 3202 absurdum,
1442 3122 1883 3191 ΝΙΓΕΡΩΣ
1939 3148 2062 3212 pro
2122 3123 2461 3192 NIPPOC

967 3229 1112 3311 quis
1172 3229 1542 3312 adprobet?
1617 3229 2003 3292 Antiochiae
2057 3230 2285 3311 Syriae
2345 3253 2466 3292 nu-

966 3350 1147 3392 mum
1177 3348 1364 3392 suum
1393 3330 1673 3420 largitur
1688 3330 2083 3405 Pediusius,
2128 3350 2359 3392 verum
2378 3352 2459 3393 an

968 3430 1134 3494 haec
1169 3453 1453 3516 unquam
1487 3449 1838 3494 neocoram
1869 3450 1939 3491 se
1970 3431 2039 3491 in
2067 3429 2331 3514 copiosa
2346 3452 2461 3493 sua

967 3544 1226 3595 moneta
1264 3528 1649 3615 profitetur.
1628 3530 1659 3574 ⁹
1702 3552 1783 3594 an
1827 3531 1942 3592 illa
1993 3552 2276 3616 unquam
2328 3554 2464 3596 ma-

964 3633 1125 3694 ximi
1160 3631 1451 3707 moduli,
1497 3645 1837 3718 antequam
1860 3632 2119 3695 colonia
2152 3647 2326 3697 esset
2346 3634 2456 3697 de·

966 3730 1198 3808 ducta,
1244 3732 1574 3828 signavit?
1617 3755 1697 3797 an
1729 3755 2009 3819 unquam
2047 3736 2243 3798 simili
2273 3757 2457 3800 aver-

970 3854 1081 3899 sae
1116 3848 1271 3919 typo
1306 3856 1460 3911 usa,
1506 3854 1673 3920 quse
1711 3847 1930 3898 certos
1962 3856 2148 3926 suos,
2194 3860 2271 3902 ac
2302 3860 2456 3903 con-

952 3949 1211 4002 -stsntes
1255 3950 1444 4020 typos
1487 3936 1758 3998 habuit?
1815 3939 1999 4002 Haec
2045 3940 2262 4003 omnia
2318 3941 2454 4004 col-

964 4039 1137 4136 lecta
1171 4058 1406 4100 numos
1435 4038 1590 4116 hos,
1652 4037 1774 4101 etsi
1811 4038 2284 4126 cujuscunque
2281 4043 2457 4106 alte·

3334 902 3374 941 ⁸}

3169 943 3210 984 ne
3499 946 3539 984 ur

2889 996 3106 1072 ATT.
3148 1003 3231 1068 K.
3276 1000 3356 1067 Γ.
3407 999 3677 1069 slecK.
3732 999 4091 1067 NIPPoc.

2885 1097 3303 1172 IOTCTOC.
3348 1103 3535 1171 CGB.
3612 1110 3813 1186 Caput
3843 1110 4095 1169 laurea-

2884 1215 3036 1268 tum.

2597 1297 3185 1368 KAICAPGIAC.
3204 1302 3849 1372 FEPMANIKHC.
3871 1310 4091 1372 Diana

2595 1407 2915 1466 venatrix.
3011 1407 3283 1489 (Patin.)
3372 1412 3799 1487 Aesculapius
3888 1422 4091 1475 atam.

2591 1502 2832 1585 (Liebe
2871 1528 2936 1589 p.
2970 1505 3152 1592 3¹7·)
3193 1516 3273 1574 In
3323 1514 3480 1573 aliis
3505 1515 3629 1573 alii
3661 1514 3819 1594 typi.

2715 1607 2956 1691 Ingens
2988 1599 3089 1671 est
3119 1611 3305 1694 copia
3339 1612 3708 1695 spuriorum
3743 1612 4092 1680 Pescennii

2590 1727 2986 1782 numerum,-
3022 1712 3133 1794 qui
3175 1714 3558 1775 Caesaream
3598 1713 4082 1778 Germaniciani

2591 1807 2865 1891 patriam
2896 1812 3359 1876 ementiuntur.
3410 1814 3570 1888 His,
3615 1830 3685 1877 ut
3720 1836 3912 1899 supra
3953 1834 4090 1875 mo-

2593 1910 2740 1987 nui,
2782 1910 2914 1993 jam
2951 1933 3190 1976 nomen
3227 1911 3623 1977 IOTCTOC
3658 1916 3885 1980 fatale.
3945 1911 4087 1983 Vti-

2585 2031 2736 2073 nam
2772 2031 3037 2089 omnes,
3085 2014 3196 2097 qui
3218 2014 3340 2076 hos
3370 2036 3603 2078 numos
3638 2018 4085 2101 promulgant,

2551 2111 2866 2176 -eandem
2916 2113 3150 2177 Liebei
3199 2115 3303 2178 vel
3356 2115 3424 2176 in
3476 2118 3904 2182 examinando
3939 2116 4086 2178 dili-

2587 2217 2912 2300 gentiam,
2957 2215 3065 2279 vel
3102 2218 3166 2275 in
3191 2212 3568 2298 profitendo
3592 2217 4085 2282 candoremad·

2583 2318 2873 2398 ferrent,
2952 2318 3067 2401 qui
3115 2318 3463 2380 Pescennii
3516 2340 3824 2394 numum,
3884 2338 4080 2403 quem

2581 2421 2723 2503 ipse
2742 2419 3109 2505 proposuit,
3145 2417 3411 2502 sibiipsi
3447 2418 3659 2482 videri
3684 2433 4081 2503 suspectum,

2583 2519 2928 2596 adfirmare
3000 2540 3133 2582 non
3201 2520 3516 2586 dubitavit
3550 2519 3636 2601 d).
3673 2555 3678 2564 ·
3752 2521 4080 2606 Equidem

2580 2643 2664 2687 ex
2711 2636 2811 2685 tot
2873 2622 3063 2706 hujus
3132 2622 3311 2684 urbis
3371 2623 3586 2686 numis
3653 2632 3802 2687 cum
3854 2622 4078 2706 capitu

2578 2724 2963 2800 Pescennii,
3043 2738 3362 2808 quotquot
3422 2723 3696 2787 viderim
3724 2769 3743 2801 ,
3819 2724 4104 2786 nullum⁴

2577 2826 2799 2912 reperi
2827 2825 3201 2910 genuinum.

2751 2927 2757 2934 ·
3299 2926 3337 2964 α

2863 3022 3080 3090 ΑΤΤ.
3121 2972 3340 3088 121³.
3389 2970 3654 3091 ΠΕἙΣΚ.
3714 3020 4072 3091 NIPPCC.

2865 3124 3280 3215 IOTc‘ljoc.
3341 3136 3543 3211 Caput
3568 3134 3947 3192 laureatum.

2580 3215 2821 3293 ΑᾈΡῙ.
2860 3263 2889 3278 -·
2919 3262 2997 3281 ·-
3035 3227 3667 3296 ΚΑΙΟΑΡΑΙΩΝ.
3708 3227 4071 3292 ΜΗΤΡΟ.

2578 3330 2812 3392 Mulier
2841 3337 3048 3412 capite
3093 3339 3367 3399 tutulato
3398 3340 3620 3397 sedens
3657 3338 3718 3395 d.
3760 3344 4076 3412 pateram,

2558 3432 2767 3504 Juxta
2798 3456 2991 3517 quam
3024 3447 3156 3498 stat
3170 3440 3474 3501 Fortuna.
3519 3439 3664 3499 ΑΕ.
3693 3438 3784 3497 II.
3831 3434 4070 3517 (Patin.

2575 3525 2771 3594 Numi
2805 3534 3038 3620 impp.)

2857 3641 3053 3701 Alius
3112 3643 3383 3715 similis,
3467 3641 3603 3700 nise·
3663 3639 3838 3719 quod
3905 3640 4072 3698 inter

2856 3751 3188 3825 utramque
3222 3746 3498 3824 fiynram
3540 3737 3840 3818 scriplum
3881 3758 4072 3817 prae-

2853 3850 3027 3903 terea
3079 3834 3632 3902 KGNNATAN.
3699 3840 3837 3900 ΑΕ.
3900 3859 4067 3900 max.

2851 3941 3028 4007 mod.
3079 3943 3298 4019 (Patin
3346 3942 3547 4004 Thes.
3584 3963 3649 4025 p.
3693 3940 3867 4017 180.)

2697 4041 3034 4138 Quidquid
3054 4044 3138 4106 sit
3182 4045 3263 4106 de
3283 4040 3413 4105 fide
3431 4031 3666 4106 horum
3695 4061 4070 4116 numorum,

960 4129 1100 4203 rius
1145 4125 1425 4224 Augusti
1473 4121 1666 4225 caput
1717 4139 2070 4224 offerrent,
2116 4158 2456 4229 suspectos
2573 4163 2766 4227 quam
2835 4158 3018 4207 certe
3083 4145 3297 4228 minus
3361 4141 3616 4238 firmam
3670 4142 4066 4208 vocabulum

960 4237 1357 4317 redderent,
1417 4240 1483 4302 in
1533 4241 1902 4305 Pescennio
1943 4242 2227 4327 suspicio
2275 4258 2454 4308 tanto
2571 4243 2964 4308 IOTCTOC
3032 4245 3224 4321 facit,
3255 4237 3455 4306 istud
3514 4259 3768 4307 certum
3837 4259 4064 4307 contra

965 4338 1245 4405 validius
1300 4340 1720 4426 ingravescit.
1778 4342 2194 4408 Praeferrem
2230 4346 2457 4410 Antio·
2541 4347 2911 4422 Patinum,
2997 4367 3114 4411 eos
3179 4348 3537 4410 Caesareae
3608 4343 4062 4408 Germaniciae

967 4439 1181 4505 chiam
1226 4433 1495 4516 Cariae,
1541 4442 1661 4505 sed
1699 4462 1916 4528 neque
1945 4443 2109 4509 haec
2139 4466 2457 4511 neocora·
2571 4468 2722 4513 esse
2746 4467 2888 4512 non·
2915 4469 3145 4533 posse,
3200 4468 3366 4533 quae
3405 4466 3621 4532 neque
3659 4449 4064 4510 Hadrianum

972 4602 4062 4642 -···-·-·-·-----————--—-—=-———-—--————--—-———---

1034 4683 1197 4761 a)·in
1237 4643 1463 4744 Severo
1495 4704 1624 4763 cap.
1653 4698 1709 4759 9.
1857 4686 1927 4762 b)
1968 4688 2115 4765 Cap.
2149 4667 2256 4751 ιίιι.1
2389 4695 2452 4764 e)
2493 4692 2659 4750 Tom.
2686 4691 2758 4750 11.
2799 4712 2859 4770 p.
2893 4698 3018 4754 242»
3169 4689 3238 4765 d)
3278 4690 3319 4751 1.
3356 4711 3405 4751 c.
