4475 5584
1312 504 1945 586 CORNELIA
2008 507 2434 583 PAVLA:

334 700 450 762 vit.
494 697 782 781 Ampliat
824 695 1175 760 terminum
1223 713 1460 757 numus
1507 713 1655 758 cnm
1684 690 1827 776 ejus

340 798 554 883 capite
587 796 878 881 signatus
917 796 1090 881 apud
1124 795 1427 879 Tripolin
1457 795 1827 859 Phoenices

334 918 485 963 cum
530 918 697 963 anno
747 890 996 975 ΒΛΦ,
1057 917 1254 983 quem
1299 894 1505 958 edidit
1548 894 1828 959 Pelleri-

340 998 509 1064 nius.
585 999 823 1084 Coepit
853 998 964 1063 hic
1005 998 1074 1060 in
1124 1010 1436 1062 autumno
1473 996 1625 1059 anni
1661 994 1831 1079 ejus-

337 1095 487 1162 dem
520 1101 645 1181 973
665 1142 685 1178 ,
732 1120 895 1186 ergo
913 1098 1111 1185 hujus
1140 1098 1330 1163 initio
1357 1096 1693 1183 Augustae
1712 1094 1830 1159 ho·

3284 521 3430 611 259Ι

1939 708 2137 753 nores
2165 689 2379 755 adbuc
2411 689 2709 755 obtinuit.
2752 690 2840 754 At
2865 692 3090 776 paullo
3115 711 3269 780 post
3296 695 3434 760 illis

1942 811 2090 854 eam
2143 792 2507 870 excidisse,
2550 792 2950 874 persuadent
3001 795 3187 858 numi
3231 781 3436 882 Αιῖιιί-ι

1940 892 2104 967 lise,
2150 912 2319 976 quae
2353 913 2495 957 earn
2532 897 2828 982 excepit,
2874 918 3239 964 cum-anno
3271 899 3433 960 item
3460 968 3478 980 ‚

1943 988 2021 1053 Δ.
2066 995 2320 1055 Nnmos
2359 995 2524 1056 alios
2576 996 2772 1078 hujus
2806 998 3146 1064 commatis
3180 997 3329 1063 vide
3365 999 3435 1059 in

1941 1091 2204 1158 laudata
2238 1091 2700 1161 dissertatione
2731 1098 3014 1180 Belleyi.

1625 1409 1827 1473 Pan
1851 1408 1963 1472 TI
1982 1409 2147 1471 VM.

740 1615 1076 1698 C'ommatis
1118 1614 1435 1676 Romani.-

929 1712 1137 1778 Aurei

932 1812 1257 1897 Argentei

932 1915 1145 1976 Aenei
1187 1935 1356 1978 max.
1400 1911 1576 1976 mod.
1664 1954 1686 1976 .
1774 1954 1795 1975 .
1880 1955 1898 1973 .

919 2014 1135 2076 Aenei
1169 2017 1218 2076 1.
1249 2028 1318 2077 et
1346 2016 1427 2076 11.
1469 2013 1727 2077 formae

741 2117 1081 2182 commatis
1112 2118 1444 2196 peregrim·
1458 2136 1483 2176 .·

1225 1751 1880 1777 0000000

1350 1852 1894 1875 000000

1965 1750 2629 1777 0000000

1984 1949 2189 1977 ..κ
2196 1952 2647 1980 .....
2734 1914 2823 1980 Ο.

932 2214 1214 2287 Vrbium
1233 2214 1593 2281 liberarum
1611 2260 1630 2297 ,
1674 2201 2113 2294 coloniarum}
2150 2225 2221 2280 et
2236 2212 2672 2282 Alexandrini
2751 2217 2896 2284 RB.

1195 2517 1516 2595 IVLJA
1587 2531 2057 2611 AQVILIA
2125 2529 2588 2595 SEVERA.

461 2716 834 2804 Repudiato
884 2718 1112 2806 inique
1148 2720 1357 2786 Paula
1400 2719 1558 2785 huic
1608 2720 1834 2785 locum

341 2820 527 2889 fecit.
595 2822 687 2886 At
722 2822 1106 2905 gravissime
1152 2835 1450 2886 senatum
1487 2821 1837 2906 populum-

341 2943 472 3009 que
505 2924 858 3039 perculere
907 2923 1032 2986 bae
1073 2921 1380 3009 nuptiae,
1424 2924 1602 3009 quod
1631 2922 1833 3040 Aqui·

338 3024 433 3088 xia
474 3024 666 3108 virgo
711 3024 999 3093 Vestalis
1042 3039 1256 3103 esset,
1314 3024 1832 3090 matrimonium·

1944 2731 2172 2781 nostra
2201 2717 2442 2780 iterum
2464 2718 2870 2802 acquievisse
2901 2736 3176 2789 testatur
3194 2728 3383 2792 Dio
3356 2726 3439 2810 ο).

1946 2819 2126 2883 Infra
2159 2837 2242 2881 ex
2277 2817 2493 2881 numis
2532 2821 2822 2885 externis
2849 2823 3276 2924 docebimur,
3321 2829 3439 2893 du-

1946 2921 2010 2986 ci
2036 2939 2181 2983 eam
2211 2938 2346 2983 non
2379 2920 2674 3004 potuisse
2702 2926 3020 2990 maturius
3050 2949 3223 2994 anno
3256 2930 3340 3000 V.
3360 2933 3436 2997 C·

1945 3020 2126 3103 973
2102 3042 2236 3105 Jam
2284 3019 2367 3083 ad
2397 3018 2597 3085 finem
2623 3038 2963 3110 vergente.
3022 3026 3202 3123 Quid
3239 3048 3438 3098 caeso

339 3144 471 3210 que
486 3123 749 3188 nonnisi
771 3146 896 3210 per
914 3125 1332 3211 saerilegium
1350 3125 1830 3212 conjungipos·
1939 3120 2305 3210 Elagabalo
2335 3143 2414 3189 ea
2441 3122 2689 3191 factum
2711 3169 2731 3204 ‚
2774 3145 2909 3191 non
2942 3128 3240 3214 reperio.

339 3239 466 3293 set.
509 3227 799 3292 Maestos
833 3242 1184 3312 eapropter
1218 3229 1513 3324 Quirites
1558 3242 1632 3292 ut
1674 3249 1830 3292 con-

340 3328 704 3407 solaretur,
749 3328 1100 3413 appetiisse
1142 3348 1214 3392 se
1242 3331 1360 3392 bas
1390 3328 1648 3415 nuptias
1693 3330 1827 3413 aje-

339 3429 494 3506 bat,
535 3442 611 3493 ut
656 3448 742 3492 ex
793 3449 873 3494 se.
906 3429 1220 3515 pontifice
1253 3431 1575 3513 maximo,
1623 3443 1693 3494 et
1739 3448 1826 3494 ex

340 3531 467 3599 bac
499 3532 770 3628 Vestalp
805 3533 1091 3596 Maxima
1125 3533 1330 3600 divini
1363 3532 1561 3595 liberi
1607 3549 1835 3595 nasce·

265 3661 271 3666 ·
338 3647 572 3698 rentur
622 3636 699 3713 ⁸).

341 3732 693 3821 oportebat
737 3734 807 3797 in
851 3735 1003 3798 foro
1047 3754 1311 3800 caesum
1344 3732 1734 3798 verberibus
1759 3733 1831 3796 in

342 3853 684 3901 carcerem
751 3836 1030 3923 conjici,
1090 3836 1318 3923 ibique
1385 3849 1605 3899 morte
1664 3833 1834 3899 mul-

330 3936 509 4014 gari,
552 3936 636 4002 de
655 3936 737 4000 iis
767 3936 910 4015 ille,
954 3937 1137 4024 quasi
1158 3938 1391 4022 pulcre
1417 3934 1647 4014 factis,
1690 3936 1835 4022 glo·

339 4036 767 4118 riabatur'b).
842 4037 1092 4103 Habuit
1137 4058 1221 4103 eo
1276 4057 1626 4103 commune
1678 4057 1833 4103 cum

339 4139 549 4215 Paula
584 4138 791 4204 fatum
812 4183 832 4218 ,
876 4137 1055 4226 quod
1101 4140 1362 4206 ductam
1407 4140 1635 4226 paullo
1681 4139 1849 4226 post'

338 4239 697 4320 fastidivit,
762 4240 1301 4327 repudiavitque,
1380 4239 1504 4306 sed
1556 4239 1836 4305 aliarum

343 4355 609 4429 quoque
628 4387 647 4422 ,
692 4362 855 4428 quas
904 4342 1218 4428 deinceps
1269 4341 1395 4405 sibi
1449 4340 1835 4418 sociaverat,

344 4458 609 4529 ceptum
666 4442 891 4510 taedio
965 4458 1371 4530 postremum
1442 4443 1515 4507 in
1572 4443 1838 4530 Aquilia

262 4769 289 4788 ³
414 4761 484 4834 a)
517 4757 637 4822 Dio
671 4758 738 4822 L.
775 4758 1043 4823 LXXIX.
1083 4760 1132 4835 5.
1168 4770 1226 4837 9.
1260 4755 1583 4822 Herodian.

783 3635 880 3698 Ita
933 3633 1171 3719 quibus
1228 3652 1314 3697 ex
1374 3632 1577 3697 rebus
1638 3631 1829 3695 illum
1878 3637 1883 3640 ’

1766 4759 1839 4838 b)
1872 4758 1989 4824 Dio
2028 4759 2068 4821 1.
2098 4779 2157 4823 c.

2543 3353 2824 3414 Numi.-

2221 3531 3434 3632 1VL1A.AQV1L1A.SEV.AVG.

2226 3638 2446 3712 Hujus
2480 3647 2696 3715 capnt.

1943 3734 2486 3805 IMP.M.AVR.
2526 3723 3437 3812 ANTONIN.P1VS.AVG

1947 3840 2154 3919 Caput
2201 3840 2579 3918 Elagabalu'.
2664 3838 2807 3907 AV.
2858 3839 3182 3918 (Vaillant
3239 3845 3434 3908 Num.

1944 3950 2189 4021 praest.
2216 3940 2294 4002 Τ.
2321 3938 2404 4001 11.
2439 3958 2503 4021 p.
2533 3955 2652 4020 27¹
2697 3951 2766 4002 et
2801 3937 2950 4022 276.
2977 3939 3134 4004 edit.
3166 3942 3399 4025 Rom.)

2070 4037 2680 4103 Praestantissimus
2718 4054 2821 4104 est
2846 4039 2960 4105 hic
2993 4061 3266 4123 numus,
3312 4046 3440 4109 etsi

1945 4152 2252 4206 accurate
2277 4139 2619 4226 utriusque
2643 4138 2840 4206 faciei
2859 4140 3263 4226 epigraphen
3286 4163 3441 4230 pro·

1949 4240 2150 4306 ditem
2181 4239 2500 4309 dubitem.

2232 4333 3442 4439 1VL1A.AQV1L1A.SEVER'A

2233 4441 2436 4516 AVG.
2478 4448 2694 4524 Hujus
2736 4457 2949 4527 capue.

2341 4759 2574 4835 c)l.e.
2859 4795 2872 4808 ·

2811 4853 3036 4918 Kks
