4475 5584
1470 289 1507 318 ⁴

1450 499 1455 506 -
1534 451 2276 532 COMMODVS.'

330 648 562 715 VERI.
598 649 738 710 1³11.
779 638 1544 712 PERTtNAcls.AvG.
1576 640 1635 720 ⁸)
1680 641 1837 706 alia·

335 770 464 836 que
508 749 745 812 similis
793 748 1161 833 argumenti
1190 744 1279 828 b).
1357 748 1523 809 Item
1557 744 1625 807 in
1661 744 1832 809 Con·

333 850 784 932 stitutionibus
814 848 1201 915 Alexandri:
1247 852 1405 911 Dim·
1436 852 1727 923 Marcus,
1768 856 1835 909 et

338 956 712 1018 Commodus
742 955 823 1035 0).
886 956 1135 1014 Tamen
1179 951 1347 1015 hanc
1395 948 1681 1010 hominis
1710 947 1831 1010 im·

332 1056 484 1141 puri
531 1053 1098 1119 consecrationem
1135 1075 1171 1116 a
1211 1051 1434 1114 multis
1474 1049 1678 1115 fuisse
1714 1054 1833 1115 im·

332 1157 700 1241 probatam,
746 1168 854 1220 aut
883 1168 1067 1217 certe
1101 1153 1512 1239 neglectam,
1558 1174 1641 1218 ex
1671 1154 1830 1238 ipsis

336 1271 636 1322 veterum
700 1256 1140 1320 monumentis
1200 1255 1657 1341 perspicimus.
1756 1257 1832 1316 ln

333 1358 745 1423 Kalendario
809 1357 1111 1439 Dionysii
1155 1357 1518 1435 Philocali,
1591 1358 1658 1418 in
1697 1377 1830 1441 quo

330 1481 566 1525 omnes
615 1460 916 1524 (livorum
946 1460 1394 1544 Augustorum
1433 1459 1682 1520 natales
1726 1477 1833 1522 ce-

329 1563 718 1639 lebrantur,
766 1560 1110 1626 Commodi
1146 1559 1459 1640 memoria
1493 1559 1830 1622 reticetur.

330 1663 688 1728 omittitur
724 1664 920 1726 etiam
967 1662 1035 1724 in
1069 1661 1286 1724 indice
1338 1674 1566 1724 vetere
1602 1661 1831 1722 Caesa-

326 1787 482 1830 rum
525 1778 1102 1839 consecratorum,
1166 1782 1363 1848 quem
1412 1784 1449 1824 a
1492 1760 1829 1823 Peirescio

322 1882 675 1952 repertum
721 1879 874 1949 post
902 1864 1248 1949 Aegidium
1280 1862 1686 1926 Eucherium
1721 1863 1831 1930 ad-

328 1970 626 2035 curatius
666 1968 873 2032 edidit
909 1968 990 2031 cl.
1028 1965 1346 2030 Mar-iuius
1379 1962 1441 2046 d)
1467 2009 1484 2043 ,
1528 1967 1631 2030 his
1666 1968 1831 2030 adeo

329 2069 720 2135 auctoribus
764 2070 971 2156 magis
1018 2069 1472 2154 incorruptum
1515 2091 1702 2133 suum
1734 2068 1833 2153 ju-

334 2174 625 2250 dicium,
687 2193 880 2256 quam
926 2185 1186 2235 senatus
1239 2173 1692 2236 auctoritatem
1734 2192 1832 2236 sc·

329 2275 537 2351 cutis,
618 2274 798 2360 quod
847 2295 927 2337 co
977 2273 1173 2336 etiam
1227 2271 1654 2337 confirmatur
1701 2297 1835 2338 ma·

333 2376 479 2462 gis,
544 2377 724 2461 quod
775 2375 975 2439 iidem
1008 2375 1354 2438 infaustam
1409 2397 1672 2461 quoque
1726 2375 1829 2440 Ti.

333 2477 639 2554 Claudii,
703 2493 770 2542 et
824 2477 1198 2544 caracallae
1265 2477 1830 2541 consecrationem

330 2582 696 2645 reticuere.

620 2789 821 2850 Numi
850 2763 1181 2851 commatis
1202 2793 1554 2871 per-cyrini.

630 2976 893 3037 Vrbium
915 2976 1276 3037 liberarum.

460 3074 721 3136 Harum
782 3075 965 3136 numi
1026 3074 1297 3159 copiosi.
1374 3076 1671 3139 Incertae
1724 3098 1832 3161 pa·

323 3176 505 3238 triae
542 3176 752 3238 videri
797 3175 1047 3259 possint
1094 3176 1272 3237 numi
1308 3177 1494 3239 aenei
1529 3181 1640 3246 lv.
1699 3179 1835 3242 for-

324 3297 523 3353 mae,
602 3276 673 3337 in
730 3297 1006 3360 qnorum
1057 3299 1184 3339 una
1233 3278 1404 3341 facie
1455 3291 1556 3340 est
1617 3293 1830 3364 caput,

323 3392 397 3443 et
416 3376 785 3463 epigraphe
804 3379 1167 3454 Commodi,
1204 3378 1272 3440 in
1289 3381 1496 3443 altera
1518 3401 1534 3442 τ
1556 3375 1831 3441 ΤΠΕΡ.

328 3475 657 3542 NlKHC.
692 3475 1224 3554 PwMAmJN,
1264 3495 1329 3544 et
1360 3496 1588 3565 typus:
1634 3486 1839 3563 Caput

321 3586 645 3647 mullebre
690 3583 969 3645 velatum
1018 3588 1337 3648 turritum.
1406 3584 1520 3668 ⁸De
1551 3582 1655 3646 his
1702 3582 1830 3666 jam

323 3684 558 3769 aliqua
577 3684 883 3767 praecepi
916 3684 983 3744 in
1022 3685 1235 3747 numis
1273 3685 1613 3749 commatis
1646 3706 1834 3769 pere·

322 3786 514 3870 grini
563 3789 652 3866 Μ.
683 3783 975 3861 Aurelii,
1032 3807 1179 3851 cum
1221 3785 1305 3849 de
1353 3788 1568 3850 numis
1604 3807 1825 3870 argen-

323 3887 460 3950 teis
524 3886 830 3948 similiter
862 3887 1194 3973 inscriptis
1231 3910 1519 3975 agerem.
1589 3889 1837 3956 Verisi-

323 3987 567 4082 milem
615 4006 845 4052 eorum
879 3992 1156 4073 patriam
1200 4011 1345 4055 esse
1383 3992 1662 4056 Carrhas
1694 3995 1836 4056 Me-

328 4090 779 4174 sopotamiae,
825 4092 979 4155 alibi
1014 4093 1148 4155 dixi
1181 4095 1259 4175 ο).

464 4195 545 4254 In
598 4213 800 4255 numo
852 4197 1162 4258 Tarsensi
1205 4220 1373 4261 max.
1420 4198 1595 4261 mod.
1644 4196 1837 4261 Com·

324 4295 577 4360 modus
616 4316 750 4358 non
777 4297 1069 4359 lauream
1092 4342 1108 4375 ,
1168 4299 1285 4362 sed
1320 4299 1617 4365 diadema
1648 4320 1835 4386 prae-

325 4398 493 4463 fert.
560 4398 758 4480 (Mus.
793 4399 1029 4462 Albani
1066 4400 1196 4465 tab.
1231 4404 1370 4484 44.)

442 4617 515 4687 a)
554 4613 691 4692 Peg.
724 4617 850 4679 261.
888 4626 941 4679 5.

328 4721 455 4764 arv.
502 4723 566 4780 p.
601 4713 729 4771 387.
877 4709 937 4778 e)
975 4706 1111 4767 Vol.
1142 4707 1247 4770 lv.
1285 4721 1349 4784 p‘·
1380 4716 1507 4771 508.

1101 4617 1171 4691 b)
1210 4617 1349 4695 Pag.
1384 4625 1510 4681 18⁷.
1548 4627 1606 4681 3.
1646 4628 1721 4675 et.
1764 4630 1888 4690 ¹9¹·
1929 4625 1980 4677 5.

1654 4708 1707 4780 o
1742 4705 1806 4765 L.
1846 4705 2078 4764 LXXII.
2119 4704 2165 4777 ς.
2208 4713 2293 4766 15.

3293 485 3326 546 1
3340 478 3432 546 33

2669 642 2708 680 ,⁸
2833 645 2842 654 .

1952 742 2378 804 Coloniarum.
2502 683 2543 723 ἃ
2834 687 2873 726 ⁸

2072 842 2323 902 Harum
2349 861 2612 928 quoque
2659 859 2920 911 moneta
2948 846 3251 913 abundat.

1946 945 2353 1006 Aaeetiochem‘.

2072 1041 2208 1104 Sub
2250 1042 2615 1110 Commodo
2666 1045 3018 1130 rarissimi,
3086 1065 3153 1116 ut
3189 1050 3433 1119 dictum

1944 1144 2010 1206 in
2045 1144 2188 1226 ejus
2224 1143 2408 1206 urbis
2444 1161 2732 1215 moneta.

1944 1248 2403 1308 Alexandrini.

2072 1350 2314 1429 Magno
2348 1344 2415 1405 hi
2448 1360 2597 1408 sunt
2629 1368 2926 1413 numero.
2979 1355 3197 1416 Annos
3232 1356 3437 1442 impe·

1945 1446 2030 1509 rii
2060 1450 2150 1509 M.
2184 1446 2436 1509 Aurelii
2488 1446 2608 1510 sub
2656 1447 2794 1511 filio
2846 1450 3049 1514 fuisse
3106 1461 3438 1523 continua-

1947 1561 2082 1623 tos,
2126 1546 2407 1609 diximus
2439 1548 2506 1609 in
2542 1547 2644 1611 his
2680 1551 2830 1618 Vol.
2868 1555 2977 1624 IV.
3023 1578 3173 1642 pag.
3217 1581 3322 1642 77,

1943 1789 2041 1851 Do
2072 1790 2346 1851 raritate
2373 1808 2706 1851 numerum
2740 1811 3075 1857 aureorum
3099 1801 3436 1862 Commodi.

2075 1953 2238 2017 Cum
2289 1951 2566 2015 aliorum
2604 1953 3072 2036 imperatorum
3114 1963 3294 2024 numi
3330 1987 3440 2028 au-

1946 2055 2048 2116 rei
2076 2053 2254 2137 justo
2281 2073 2558 2116 numero
2592 2058 2921 2139 supersint
2942 2103 2960 2133 ,
3007 2063 3243 2127 mirum
3285 2088 3441 2150 pro·

1945 2155 2160 2231 fecto,
2223 2175 2409 2218 raros
2458 2153 2624 2218 adeo
2660 2176 2804 2220 esse
2842 2161 3188 2224 Commodi
3216 2164 3280 2226 in
3312 2166 3439 2231 hoc

1946 2256 2217 2320 metallo
2269 2275 2541 2331 numos,
2600 2271 2670 2319 ut
2703 2258 2978 2345 ⁸facilius
3037 2279 3300 2328 centum
3348 2268 3443 2330 al-

1946 2359 2152 2422 terius
2191 2357 2500 2443 Augusti,
2579 2380 2772 2443 quam
2827 2383 3028 2425 unum
3085 2366 3279 2449 hujus
3333 2391 3441 2433 re-

1945 2461 2200 2547 perias,
2248 2480 2397 2525 cum
2447 2472 2664 2522 tamen
2700 2464 3038 2528 metallum
3090 2465 3266 2529 istud
3308 2468 3437 2534 hoc

1946 2565 2310 2649 imperante
2345 2563 2549 2649 magis
2569 2565 2899 2630 abundare
2916 2565 3233 2630 debuerat
3261 2614 3279 2645 ‚
3327 2573 3439 2655 qui

1944 2678 2227 2750 tempus,
2274 2686 2403 2749 quo
2421 2686 2710 2730 summae
2742 2669 2842 2731 rei
2874 2669 3179 2752 praefuit,
3222 2693 3442 2735 saecu-

1948 2773 2080 2832 lum
2112 2789 2377 2831 aureum
2409 2767 2632 2830 vocari
2668 2769 3041 2854 praecepit,
3088 2786 3160 2833 ut
3205 2770 3289 2834 ad
3329 2795 3442 2836 an·

1945 2890 2105 2931 num
2133 2869 2215 2938 V.
2257 2869 2329 2954 C..
2368 2868 2494 2949 938
2538 2867 2902 2933 docuimus.
2995 2873 3245 2949 Erunt,
3325 2875 3440 2960 qui

1947 2971 2090 3055 ejus
2137 2990 2397 3033 causam
2450 2970 2517 3031 in
2569 2985 2982 3055 exportatum
3030 2973 3279 3056 majore
3326 2997 3438 3039 co·

1945 3075 2052 3160 pia
2095 3093 2325 3136 aurum
2383 3072 2606 3134 volent
2639 3071 2895 3136 referre
2919 3118 2935 3149 ,
2982 3096 3112 3158 quo
3148 3075 3438 3140 desidiae

1947 3176 2090 3261 ipse
2137 3194 2359 3237 amans
2380 3192 2610 3257 pacem
2661 3195 2697 3237 a
2728 3173 3024 3239 barbaris
3057 3176 3439 3255 redimeret,

1948 3275 2128 3362 quod
2174 3274 2256 3337 ab
2306 3293 2386 3337 eo
2424 3273 2785 3338 factitatum
2836 3292 3067 3342 auctor
3100 3292 3200 3341 cst
3229 3279 3445 3345 Hero·
3549 3321 3560 3334 «

1948 3378 2202 3459 dianus.
2291 3377 2561 3439 Constat
2604 3377 2838 3454 ctiam,
2894 3378 3022 3444 hoc
3076 3381 3442 3465 imperante

1943 3502 2215 3556 aurum,
2292 3481 2470 3564 quod
2513 3482 2722 3548 multo
2790 3482 3013 3545 utilius
3065 3484 3279 3546 maleo
3327 3484 3439 3546 de·

1951 3583 2317 3646 stinandum
2335 3584 2547 3650 suerat
2569 3630 2587 3662 ,
2635 3587 2841 3649 multo
2876 3606 3068 3671 quam
3091 3599 3279 3649 antea
3309 3585 3445 3649 fre·

1951 3686 2254 3772 quentius
2292 3686 2358 3747 in
2412 3687 2604 3748 luxus
2645 3685 2856 3776 inepti
2897 3686 3202 3749 alimenta
3236 3687 3441 3750 fuisse

1951 3788 2338 3851 derivatum.
2400 3792 2809 3873 Argumeuto
2832 3800 2976 3850 esto
3010 3802 3215 3851 statua
3242 3807 3440 3852 aurea

1948 3873 2264 3953 librarum
2321 3889 2504 3951 mille
2578 3910 2728 3952 cum
2790 3903 3017 3965 tauro,
3092 3901 3159 3952 et
3217 3909 3444 3966 vacca,

1949 4013 2142 4076 quam
2180 3989 2544 4055 Commodo
2593 3990 2798 4062 fuisse
2853 3990 3168 4082 positam,
3228 3987 3441 4051 refert
3543 4070 3554 4076 ·

1948 4094 2081 4156 Dio
2103 4139 2119 4171 ,
2166 4093 2280 4177 qui
2311 4104 2560 4160 cuncta„
2574 4091 2739 4154 haec
2775 4089 3060 4176 stuporis
3095 4108 3443 4173 argumen-

1951 4210 2013 4258 ta
2046 4214 2267 4257 coram
2318 4193 2458 4276 ipse
2511 4192 2671 4258 vidit
2719 4189 2793 4272 ἵ).
2865 4192 3141 4254 Ancum
3188 4190 3253 4253 in
3294 4189 3437 4272 ejus

1950 4296 2245 4359 defuncti
2295 4294 2681 4358 memoriam
2729 4293 2826 4354 ira
2868 4290 3269 4375 implacabili
3301 4311 3439 4354 sae-

1947 4402 2121 4466 viret
2158 4413 2443 4473 senatus,
2487 4396 2805 4460 censente’
2827 4394 3001 4455 inter
3018 4392 3181 4457 alios
3202 4392 3435 4479 Cingio

2107 4617 2168 4686 c)
2207 4612 2363 4674 Cod.
2401 4612 2467 4672 L.
2502 4609 2605 4672 IV.
2641 4607 2728 4666 tit.
2766 4620 2856 4675 5:⁷-
2898 4607 3013 4669 δίε.
3174 4605 3243 4682 d)
3280 4607 3434 4665 Prot.
