4475 5584
954 4760 961 4769 κ
1070 4723 1150 4785 ad
1183 4723 1394 4782 Murat.
1433 4741 1495 4801 p.
1531 4725 1661 4785 334.
1696 4729 1774 4782 2.

990 532 1001 557 .
1092 447 1188 517 40
2043 424 2656 503 FAVSTINA
2757 422 3229 499 SENIOR.

1212 615 1358 675 Alia·
1390 612 1633 673 st‘mz’lea
1655 653 1671 683 ,
1712 614 1855 671 aed
1898 614 2081 674 abest
2128 602 2423 692 temptam
2441 655 2459 689 ,
2521 621 2588 675 et

1087 719 1270 796 Atys.
1331 715 1467 776 AE.
1499 715 1549 774 1.
1580 713 1780 790 (Mus.
1817 714 2036 794 Caes.)

1216 821 1441 899 Typus
1479 812 1781 894 Cybeles,
1829 816 1966 877 sive
2004 815 2232 877 Matris
2256 815 2449 880 deum
2472 816 2584 879 ob-

1086 920 1231 984 vius
1280 931 1379 982 est
1430 917 1497 979 in
1550 928 1810 977 moneta
1861 915 2054 998 hujus
2084 917 2473 1001 Faustinae3
2520 931 2586 981 at

1089 1040 1289 1082 numo
1320 1018 1526 1102 priori
1545 1017 1827 1102 pretium
1846 1016 2003 1080 facit
2035 1016 2380 1082 adstitutus
2398 1021 2582 1101 Atys,

1091 1119 1374 1219 Cybeles
1420 1134 1486 1181 et
1536 1118 1879 1195 sacerdos,
1944 1132 2012 1182 et
2060 1122 2361 1183 amasius.
2441 1123 2581 1186 Stat

971 1298 981 1309 Ι
1087 1223 1206 1285 ille
1239 1221 1320 1284 ad
1351 1220 1677 1296 arborem,
1723 1240 1997 1304 eamque
2035 1222 2393 1306 contingit,
2440 1225 2580 1286 sive

1087 1323 1267 1408 quod
1317 1344 1354 1385 a
1407 1322 1651 1404 Cybele
1696 1321 1764 1382 in
1814 1322 2020 1385 vetito
2074 1344 2300 1386 amore
2349 1324 2582 1408 ‹lepre-

1085 1423 1350 1496 hensus,
1398 1437 1463 1485 et
1495 1423 1578 1485 acl
1610 1443 1885 1507 poenam
1918 1425 2249 1510 quaesitus
2284 1427 2403 1488 sub
2420 1427 2580 1511 pinu

954 1560 965 1569 ·
1084 1520 1309 1597 latuit,
1358 1524 1495 1587 sive
1534 1525 1710 1610 quod
1745 1542 1977 1591 revera
2024 1549 2059 1588 a
2092 1527 2341 1608 Cybele
2376 1542 2583 1591 muta·

1084 1639 1188 1689 tus
1246 1626 1314 1686 in
1380 1626 1602 1709 pinum
1665 1641 1796 1703 est,
1877 1648 2043 1713 quae
2106 1631 2577 1693 nonnullorum

1085 1742 1235 1790 sunt
1268 1728 1800 1811 mythologorum
1824 1730 2188 1812 opiniones,
2231 1733 2368 1794 sive
2400 1733 2578 1818 quod

1082 1827 1282 1891 arbor
1335 1829 1497 1891 haec
1556 1848 1634 1889 ea
1709 1830 1847 1913 ipsa
1910 1843 2087 1906 erat,
2171 1850 2297 1914 qua
2368 1846 2575 1895 stante

1081 1943 1149 1993 et
1201 1931 1460 2014 integra
1506 1928 1849 2012 Nymphae
1898 1931 2318 2015 Sagaritidis‚
2381 1954 2574 2018 quam

1078 2033 1136 2094 is
1188 2031 1390 2095 invita
1438 2030 1683 2112 Cybele
1739 2031 2118 2114 deperibat,
2178 2035 2353 2099 salus
2410 2038 2577 2097 nite-

1080 2133 1316 2207 batur,
1378 2151 1713 2216 ,quamque
1783 2146 2136 2215 propterea
2211 2124 2375 2217 ira‘ta
2454 2135 2576 2198 dea

1080 2231 1305 2299 multis
1358 2232 1741 2319 vulneribus
1796 2232 2074 2297 succidit
2106 2236 2184 2315 ⁸).
2263 2238 2575 2301 Ceterum

1079 2340 1439 2399 me‘morata
1488 2334 1556 2395 iu
1599 2333 1702 2395 his
1744 2334 1957 2397 numia
1999 2339 2208 2398 Mater
2245 2341 2431 2401 deum
2471 2363 2574 2402 aa·

1079 2442 1313 2502 lutaris
1369 2449 1470 2498 est
1518 2435 1900 2520 famigerata
1955 2436 2069 2499 illa
2120 2440 2335 2502 Mater
2382 2442 2574 2505 Idaea

1078 2562 1113 2603 a
1170 2538 1484 2603 Romanis
1539 2537 1618 2600 ad
1698 2538 2076 2623 sopiendam
2130 2542 2570 2623 pestilentiam

1076 2642 1145 2703 in
1181 2639 1414 2702 urbem
1448 2637 1682 2729 accita',
1736 2639 1817 2701 de
1854 2661 1980 2723 qua
2020 2662 2172 2703 mox
2222 2643 2392 2706 infra
2429 2645 2574 2728 plu-

1074 2764 1151 2807 ra
1196 2741 1277 2805 ad
1324 2761 1592 2807 numum
1640 2741 2155 2825 anepigraphum
2201 2746 2572 2829 argumenti

956 2860 967 2881 ²
1078 2842 1338 2928 analogi
1376 2841 1795 2906 disseremus.
1838 2845 2088 2906 Numus
2122 2846 2329 2928 prior,
2373 2867 2571 2932 quem

1075 2966 1160 3009 ex
1205 2964 1433 3008 museo
1480 2944 1659 3027 regis
1713 2945 2071 3009 Galliarum
2115 2946 2414 3023 laudavi,
2468 2961 2572 3011 est

1076 3046 1276 3110 etiam
1322 3045 1500 3109 idem
1560 3046 1756 3128 plane
1801 3047 1890 3117 ,iu
1940 3067 2168 3110 museo
2223 3050 2569 3127 Caesareo,

1074 3146 1195 3212 sed
1264 3160 1484 3209 certus
1548 3146 2029 3223 contoruiatus,
2105 3161 2173 3213 et
2247 3151 2566 3234 auspicor,

1076 3247 1370 3333 ejusdem
1446 3263 1723 3332 quoque·
1763 3262 2034 3313 naturae
2096 3269 2243 3312 esse
2307 3251 2567 3335 regium

1076 3352 1427 3419 Gallicum.

1804 3554 1844 3594 Ι

1640 3601 1680 3640 ὕ

1366 3661 1432 3722 V
1423 3670 1453 3722 t
1492 3663 1591 3723 lit.
1628 3663 1707 3723 B.

1072 3761 1509 3829 PVELLAE.
1564 3759 2232 3829 FAVSTINIANAE.
2320 3764 2566 3846 δυρρε-

1070 3875 1207 3928 stus
1224 3908 1242 3940 ,
1288 3867 1360 3925 in
1389 3886 1513 3947 quo
1538 3867 1882 3945 imperator
1913 3874 2170 3945 toyatus
2201 3867 2426 3927 aedem
2451 3868 2565 3927 ad-

1080 3977 1292 4029 stante
1319 3969 1460 4030 alia
1482 3972 1697 4051 fiqum
1722 3969 2010 4048 puellam
2052 3968 2137 4026 ab
2169 3969 2314 4029 alia
2347 3970 2564 4049 styma

1070 4077 1354 4139 oblatam
1400 4079 1719 4152 acceptat,
1794 4070 1972 4148 infra
2011 4069 2274 4147 puellae
2317 4071 2561 4148 plnres.

1966 3599 2007 3638 ὓ

2821 608 3018 671 Numi
3048 621 3502 693 argumentum
3538 606 3817 692 insigne,
3869 627 4000 692 quo
4038 629 4182 671 con·

2697 706 3028 789 firmatur,
3103 709 3280 796 quod
3333 710 3558 795 paucis
3621 710 3841 773 verbis
3908 709 4182 772 absolvit

2700 812 3137 896 Capitolinus:
3189 816 3445 893 patellas
3482 815 3929 874 alimentarias
3979 808 4048 874 {n
4077 816 4178 875 lto-

2697 936 2914 977 norem
2944 919 3297 979 Faustinae
3327 917 3794 977 Faustinianas
3832 916 4175 976 constituit.

2697 1019 2845 1078 Nou
2871 1037 3040 1100 ergo
3067 1016 3373 1080 Faustina
3395 1017 3530 1101 ipsa
3564 1015 3655 1099 pii
3689 1013 3881 1095 hujus
3909 1012 4182 1076 instituti

2698 1115 2821 1179 fuit
2854 1133 3103 1197 auctor,
3150 1133 3222 1183 ut
3247 1118 3760 1199 Winkelmanno
3789 1116 3959 1179 facta
3990 1113 4177 1197 hujus

2695 1222 2877 1291 numi
2913 1222 3244 1284 mentione
3265 1218 3619 1283 «adfirmare
3652 1218 3899 1304 placuit
3923 1213 4011 1310 b).
4055 1217 4180 1278 De·

2698 1335 2953 1385 cretum
3010 1324 3214 1408 igitur
3260 1345 3296 1385 a
3339 1322 3620 1400 Traiano
3667 1318 3881 1384 soboli
3922 1318 4177 1381 Italicae
4215 1353 4222 1360 ·

2694 1422 3086 1489 beneficium
3121 1423 3267 1509 pius
3300 1424 3408 1488 hie
3441 1424 3800 1508 imperator
3830 1440 3963 1482 non
3984 1417 4179 1482 modo

2693 1540 3027 1610 praestare
3095 1526 3429 1610 perrexit,
3510 1524 3627 1587 sed
3692 1522 4058 1595 constitutis
4115 1520 4180 1584 in

2694 1627 2921 1689 uxoris
2970 1627 3285 1690 honorem
3347 1626 3587 1712 puellis
3639 1625 3783 1689 aliis
3831 1622 4179 1708 ampliavit.

2692 1732 2783 1793 Et
2821 1737 2981 1794 vero
3011 1731 3343 1813 impensae
3377 1730 3442 1790 in
3486 1728 3555 1790 id
3595 1747 3802 1812 genus
3843 1725 4182 1799 alimento·

2689 1855 2839 1895 rum
2888 1831 2968 1895 ab
2999 1833 3327 1895 Antonino
3351 1850 3546 1895 curae
3583 1828 3917 1892 luculente
3958 1824 4182 1888 memi-

2689 1935 2784 1996 nit
2821 1954 3145 2010 marmor,
3192 1933 3367 2018 quod
3388 1931 3712 1995 Antonino
3747 1929 3816 1991 in
3848 1927 4180 1990 tribunatu

2690 2036 2835 2100 XII.
2911 2047 3272 2120 posuerunt
3341 2033 3627 2100 PVERL
3704 2034 3844 2095 ΕΤ.
3919 2031 4180 2096 PVEL·

2690 2138 2886 2200 LAE.
2974 2136 3547 2198 ALIMENTARI.
3611 2134 4174 2203 CVPRIENSES.

2691 2238 3123 2303 MONTANI.
3177 2239 3239 2316 c)
3335 2236 3474 2297 tuni
3548 2238 4012 2300 Gruterianum
4085 2235 4173 2313 d),

2690 2340 2867 2426 qu'od
2917 2343 2996 2403 Τ.
3050 2341 3281 2403 AELI.
3322 2339 3773 2402 HADRIANI.
3816 2337 4181 2401 ANTONI-

2688 2445 2798 2503 NI.
2861 2440 3063 2505 AVG.
3134 2443 3272 2503 PII.
3343 2440 3614 2507 PONT.
3675 2442 3886 2502 ΜΑΧ.
3950 2443 4177 2504 TRIB.

2685 2545 2891 2607 POT.
2941 2542 3117 2606 XIII.
3169 2543 3345 2602 IMP.
3406 2543 3483 2602 11.
3544 2541 3734 2605 COS.
3788 2544 3929 2603 1111.
3977 2545 4052 2607 P.
4107 2545 4177 2603 P.

2685 2643 2949 2708 FILIO.
2983 2644 3270 2723 (scilicet
3287 2647 3377 2704 Μ.
3399 2641 3706 2720 Aurelio)
3735 2645 4022 2708 PVERI.
4042 2646 4179 2706 ET.

2683 2748 3117 2813 PVELLAE.
3173 2744 3747 2807 ALIMENTARI.
3796 2760 4177 2829 posuerunt,

2684 2862 2822 2910 tum
2885 2849 3080 2910 etiam
3163 2866 3451 2908 marmor
3495 2848 3920 2930 proximum,
3999 2846 4177 2933 quod

2684 2949 2928 3015 DIVO.
2988 2946 3483 3012 ANTONINO.
3522 2946 3716 3015 AVG.
3764 2948 3938 3011 1²10.
3998 2951 4176 3013 ALI-

2685 3050 3110 3113 MENTARI.
3153 3049 3390 3127 iidem,
3458 3062 3525 3111 et
3574 3049 3816 3111 mortui
3862 3050 4180 3136 principis

2681 3150 3003 3216 beneficia
3052 3165 3237 3237 grato
3291 3150 3507 3214 animo
3572 3150 3947 3214 recolentes
4000 3142 4182 3215 dedi·

2683 3265 3016 3318 caverunt.
3105 3252 3210 3317 Ad
3269 3252 3395 3317 hoc
3455 3252 3650 3315 etiam
3719 3267 4180 3335 argumentum

2679 3355 3013 3438 pertinent
3061 3344 3252 3419 ‘numi
3309 3354 3622 3419 Antonini
3668 3354 3735 3416 in
3785 3354 3926 3439 ejus
3976 3355 4216 3419 tribu·-

2680 3469 2835 3519 natu
2883 3458 3120 3518 xxm.
3172 3470 3239 3520 et
3280 3456 3518 3524 xxlv.
3570 3455 3838 3541 signati,
3899 3456 3966 3518 in
4022 3472 4187 3542 quo-‘-

2678 3579 2826 3620 rum
2889 3578 3118 3623 aversa
3159 3559 3462 3641 'legiturt
3526 3558 3907 3623 PIETATI.
3968 3560 4176 3628 AVG.

2678 3658 2870 3724 COS.
2919 3660 3064 3725 1111.
3103 3672 3169 3721 et
3211 3674 3400 3743 typus
3438 3675 3574 3723 esta
3619 3664 3856 3723 Mulier
3887 3671 4090 3738 stans,
4116 3674 4183 3724 ec

2677 3763 2990 3841 infantem
3023 3765 3092 3823 in
3122 3764 3269 3824 sinu
3299 3775 3563 3844 qestam
3584 3808 3601 3839 ,
3645 3766 3803 3827 aliia
3817 3767 4030 3841 Juxta
4067 3766 4184 3826 ad·

2679 3865 3032 3940 stantibus,
3077 3863 3319 3947 insigni
3351 3864 3631 3927 collatae
3668 3863 3737 3924 in
3758 3877 4054 3926 teneram
4080 3863 4182 3948 ju-

2676 3980 3014 4044 ventutem
3062 3965 3204 4049 opis
3248 3964 3571 4049 imagine,
3632 3978 3826 4049 atque
3876 3964 4038 4028 item
4089 3967 4184 4028 al-

2677 4081 2783 4132 ter
2810 4068 3129 4131 maximae
3190 4067 3477 4143 formae,
3525 4086 3720 4152 quem
3757 4066 3909 4130 vide
3943 4064 4027 4131 ad
4064 4087 4179 4130 an·

1070 4176 1211 4243 AV.
1260 4175 1487 4258 (Vaill.
1539 4175 1708 4235 Mus.
1750 4169 2044 4254 Theup.)
2087 4170 2263 4246 AR„
2318 4167 2437 4231 sed
2491 4167 2562 4230 in
2673 4190 2832 4233 num
2873 4169 2956 4236 V.
2994 4170 3067 4232 C.
3115 4177 3261 4251 904·
3311 4167 3626 4231 Antonini
3671 4168 3981 4253 exemplo
4031 4188 4183 4233 suc·

1071 4276 1174 4338 his
1217 4291 1408 4365 typus
1450 4274 1673 4339 differt
1724 4272 1980 4336 minore
2028 4271 2399 4359 puellarum
2444 4293 2562 4333 nu-

1070 4398 1279 4443 mero.
1336 4378 1540 4456 (Mus.
1596 4373 1815 4456 Caes.)

2674 4289 2904 4333 cessor
2945 4274 3034 4334 M.
3063 4271 3372 4334 Aurelius
3397 4275 3605 4333 novas
3627 4274 3888 4352 puellas
3914 4272 4179 4334 Fausta·-

2674 4376 2914 4436 m'anas
2927 4377 3213 4437 instituit
3228 4377 3298 4435 ἐκ
3313 4374 3609 4435 honorem
3626 4375 3853 4435 uxoris
3865 4381 4179 4448 mortuae,

1180 4635 1242 4706 a)
1282 4628 1445 4693 Qvid
1468 4630 1622 4688 Fast.
1652 4626 1895 4694 IV.223.

1899 4714 1970 4790 d)
1999 4716 2138 4794 Pag
2184 4725 2342 4779 1022·
2369 4717 2426 4781 6.

2044 4623 2116 4700 b)
2153 4624 2302 4683 nist.
2330 4637 2435 4683 art.
2455 4624 2591 4692 Vol.
2628 4625 2704 4691 ΙΙ.
2734 4645 2870 4737 pag.
2901 4633 3025 4701 393.
3053 4619 3195 4683 edit.
3232 4625 3401 4684 Feae.

3551 4624 3615 4698 c)
3649 4602 3920 4687 Donatus
3948 4615 4170 4698 Suppl.

3575 4766 3614 4799 δ
