4475 5584
965 490 1110 559 2³2
1138 530 1147 537 -

956 648 1570 723 LtBEssAmTAS.
1618 642 1873 711 AVGG.
1919 643 2030 712 vl.
2082 642 2220 707 ET.
2272 640 2353 703 V.
2387 638 2462 703 S.

970 762 1043 825 C.
1086 763 1264 822 Idem
1297 767 1506 836 typus.
1555 753 1689 812 ΑΕ.
1738 750 1787 810 l.
1835 749 2033 825 (Mus.
2071 742 2288 819 Caes.)

1094 860 1292 933 Prior
1310 877 1389 921 ex
1426 854 1525 926 his,
1542 850 1753 915 nuruis
1769 849 1976 917 Getae
1994 843 2456 911 liberalitatem

967 966 1053 1030 V..
1090 958 1414 1031 enunciat,
1460 966 1808 1038 sequentes
1825 946 2291 1019 liberalitatem
2317 942 2461 1025 ejus

965 1070 1050 1128 V.
1087 1083 1236 1133 cum
1269 1063 1382 1128 Vl.
1422 1044 1803 1123 Caracallae‘
1834 1062 2255 1134 componunt.
2340 1044 2467 1111 Mi-

970 1186 1119 1235 rum
1148 1180 1302 1229 sane
1332 1159 1670 1230 videatur,
1730 1151 2083 1217 memorari
2119 1149 2248 1215 hoc
2293 1167 2463 1211 anuo

968 1265 1432 1331 liberalitatem
1466 1262 1551 1326 V.
1596 1258 1840 1331 Getae,
1912 1274 2065 1319 cum
2112 1250 2254 1329 eius
2307 1269 2462 1313 con-

972 1367 1251 1452 giarium
1292 1346 1406 1433 V'l.
1461 1361 1590 1444 jam
1649 1357 2009 1423 viderimus
2068 1354 2152 1417 ad
2223 1370 2460 1417 anuum

970 1474 1053 1541 V.
1089 1472 1167 1535 C.
1199 1467 1345 1551 qbi.
1388 1463 1477 1527 At
1509 1481 1670 1527 vero
1700 1459 1877 1522 idem
1901 1458 2026 1521 fuit
2044 1456 2253 1519 Getae
2281 1454 2348 1514 iu
2383 1453 2463 1513 iis

971 1566 1392 1636 numerandis
1416 1566 1818 1636 institutum,
1871 1557 2052 1645 quod
2084 1555 2464 1625 caracallae

972 1697 1019 1738 a
1042 1691 1150 1734 me
1181 1691 1382 1757 supra
1408 1667 1493 1733 ud
1518 1665 1660 1750 ejus
1704 1681 1939 1727 numos
1973 1658 2124 1723 anni
2144 1659 2227 1725 V.
2248 1660 2318 1721 C.
2339 1655 2466 1737 964

972 1776 1418 1841 observatum.
1525 1763 1854 1863 Quamdiu
1923 1761 2210 1829 Severus
2280 1757 2468 1833 vixit,

972 1875 1098 1941 filii
1143 1895 1275 1937 non
1311 1889 1573 1934 suarum
1620 1862 2084 1928 liberalitatum
2126 1877 2466 1931 numeros,

973 1977 1093 2053 sed
1123 1972 1363 2059 patris,
1422 1981 1724 2033 monetae
1777 1963 2197 2047 inscripsere.
2255 1962 2466 2043 Egre-

972 2080 1082 2164 gie
1165 2074 1344 2139 istud
1420 2089 1507 2135 ex
1586 2067 1799 2131 numis
1870 2062 2028 2148 ipsis
2097 2061 2464 2126 conficitur.

971 2178 1237 2249 Etenim
1272 2176 1342 2238 in
1376 2171 1591 2237 numia
1623 2168 1852 2233 Severi
1894 2165 1976 2229 ad
2008 2186 2247 2228 annum
2285 2166 2365 2228 V.
2393 2165 2464 2229 C.

975 2281 1090 2361 qb·
1149 2276 1431 2342 vidimus
1478 2291 1784 2337 numume
1851 2266 2466 2332 LIBERALITAS.

974 2379 1385 2455 AVGGNL,
1429 2375 1578 2439 etin
1615 2394 1696 2436 eo
1718 2371 2090 2459 propositos
2123 2369 2465 2441 Severum,

974 2481 1416 2555 Caracallum,
1489 2492 1556 2540 et
1607 2473 1842 2539 Getam
1906 2472 1990 2535 ad
2058 2468 2461 2554 congiarium

973 2580 1378 2668 erogandum
1415 2578 1806 2643 adsidentes.
1869 2576 2065 2638 Sexta
2095 2593 2259 2656 ergo
2301 2570 2466 2634 haec

908 2726 927 2747 ι
970 2685 1334 2751 liberalitas
1360 2680 1660 2765 omnibus
1697 2677 1907 2741 tribus
1949 2673 2313 2740 communis
2350 2669 2472 2734 ha-

973 2790 1130 2853 bita.
1193 2781 1453 2849 Deinde
1512 2782 1789 2846 vidimus
1824 2779 2019 2841 etiam
2071 2775 2151 2839 ad
2180 2773 2462 2839 eundem

975 2911 1216 2954 annum
1260 2887 1416 2972 obt,
1481 2885 1551 2946 in
1608 2882 1901 2955 omnium
1945 2882 2185 2942 horum
2248 2873 2468 2975 numia

976 2990 1251 3055 eandem
1307 2989 1475 3051 hanc
1521 2984 1987 3048 liberalitatem
2021 2983 2134 3049 VI.
2184 2975 2465 3043 seorsim

974 3090 1368 3167 memorari,
1445 3101 1633 3152 certo
1691 3096 2116 3170 argumento,
2211 3079 2292 3143 ab
2361 3076 2465 3139 bis

977 3212 1242 3278 quoque
1301 3203 1677 3254 numeratas
1743 3186 1946 3272 patris
2012 3181 2465 3246 liberalitates.

973 3295 1226 3357 Verum
1250 3306 1436 3375 patre
1488 3303 1748 3352 mortuo
1786 3285 1907 3347 filii
1950 3305 2059 3346 eas
2097 3296 2346 3344 tantum
2394 3281 2468 3343 li·

979 3393 1360 3456 beralitates
1410 3390 1535 3453 sibi
1596 3378 1903 3474 proprias‘
1953 3386 2216 3460 fecere,
2301 3400 2469 3469 quae

960 3495 1261 3561 ,collatae
1313 3490 1622 3569 fuerunt,
1708 3511 1789 3553 ex
1834 3508 1966 3572 quo
2042 3487 2275 3550 saltem
2339 3483 2470 3566 jam

982 3598 1296 3659 Caesares
1361 3592 1517 3657 dicti
1567 3605 1732 3654 sunt.
1815 3594 1979 3654 Cum
2030 3588 2234 3674 igitur
2272 3581 2500 3650 Seve·‘

984 3717 1138 3773 rus,
1184 3693 1367 3779 cujus
1404 3693 1735 3779 congiaria
1780 3692 1997 3756 omnia
2050 3710 2166 3753 sex
2191 3705 2472 3751 numero

893 3843 916 3867 .
978 3796 1290 3874 fuerunt,
1339 3816 1539 3859 uuum
1574 3795 1706 3880 jam
1738 3793 2145 3858 distribuerit
2189 3813 2359 3861 anne
2387 3794 2471 3860 V.

989 3901 1061 3963 C.
1097 3898 1221 3982 946
1285 3899 1616 3962 Caracalla
1685 3896 1898 3960 adhuc
1968 3896 2224 3980 privato
2251 3938 2269 3971 ‚
2344 3894 2473 3961 hoc

983 4001 1294 4085 neglecto
1336 4019 1612 4063 necesse
1656 4012 1758 4061 est
1787 3997 2248 4061 liberalitatem
2285 3997 2476 4059 Cara·

987 4102 1196 4166 callae
1232 4100 1382 4163 anni
1413 4102 1776 4185 praesentis
1831 4119 1979 4163 esse
2006 4118 2286 4162 numero
2335 4120 2478 4161 sex-

989 4218 1141 4266 tam.
1201 4204 1497 4287 Cumque
1528 4217 1716 4286 pater
1754 4204 2040 4265 Severus
2086 4202 2217 4265 duo
2250 4222 2482 4287 eroga-

991 4305 1163 4391 vjerit
1220 4305 1387 4369 Geta
1444 4304 1657 4368 adhuc
1726 4305 2022 4390 privato,
2105 4304 2210 4367 his
2266 4303 2479 4365 missis

992 4420 1256 4492 oportet
1285 4407 1839 4497 praesens·Getae
1876 4405 2284 4490 congiarium
2332 4424 2480 4471 esse

995 4506 1229 4571 ordine
1264 4505 1582 4592 quintum.
1641 4506 2107 4592 Dispensatum
2151 4527 2314 4592 ergo
2360 4523 2481 4584 est,

1070 4739 1130 4807 a)
1170 4735 1493 4795 Herodian.
1632 4736 1701 4810 b)
1737 4736 1803 4796 L.
1841 4737 2135 4800 LXXVII.
2174 4745 2224 4816 §.
2256 4752 2304 4804 2-

2326 449 2673 527 GETA.

2574 658 2719 700 cum
2771 650 3047 722 uterque
3097 637 3430 722 Augustus
3465 646 3618 720 post
3641 634 3843 719 patris
3887 649 4062 696 mor·-

2574 755 2708 807 tem
2757 760 2840 802 ex
2889 738 3226 801 Britannia
3275 738 3341 801 in
3381 736 3614 801 urbem
3663 749 4090 815 rever-tereu-

2575 841 2748 927 quod
2800 842 3044 906 invicte
3094 841 3293 925 docet
3340 838 3556 904 addita
3602 836 3879 923 singulis
3920 839 4060 902 Bri-

2576 946 2826 1007 tannici
2852 943 3230 1027 appellatio.
3275 944 3516 1005 lterum
3545 961 3790 1025 quaeso
3822 938 4059 1002 mirare

2578 1046 2914 1111 Vaillantii
2955 1041 3355 1125 οἱπροσεξιαν,
3410 1043 3559 1132 qui,
3615 1062 3750 1129 quo
3796 1041 3950 1105 loco
3991 1043 4059 1103 in

2579 1148 2906 1213 laudatum
2943 1170 3209 1213 numum
3245 1170 3515 1213 aureum
3562 1157 4061 1217 commentatur,

2577 1253 2671 1315 sic
2719 1251 3020 1314 disserit:
3079 1256 3196 1315 hoc
3235 1251 3649 1313 liberalitatis
3689 1247 4062 1310 caracallae

2577 1364 2643 1416 et
2689 1358 2891 1417 Gelae
2948 1363 3413 1429 mouumentum
3470 1355 3540 1413 in
3599 1354 3792 1429 hujus
3853 1350 4065 1410 numia

2579 1461 2724 1517 vivo
2777 1459 2985 1518 adhuc
3015 1467 3239 1536 patre,
3319 1465 3663 1537 antequam
3702 1455 3796 1514 ad
3836 1453 4064 1513 bellum

2580 1561 3023 1621 Britannicum
3049 1579 3191 1619 cum
3214 1560 3373 1636 ipsis
3379 1559 3904 1636 proficisceretur,
3933 1556 4065 1615 edi·

2580 1670 2713 1723 tum
2746 1672 2854 1725 est.
2904 1659 3262 1723 Enimvero
3292 1658 3360 1720 in
3400 1657 3505 1719 his
3535 1654 3750 1717 numis
3783 1669 4062 1737 uterque

2581 1761 2822 1825 dicitur
2855 1761 3304 1833 Britannicus,
3362 1781 3442 1823 an
3475 1777 3636 1819 vero
3668 1756 3795 1820 hoc
3840 1755 4063 1838 elogio

2580 1863 2860 1949 praediti
2893 1862 3116 1936 fuere,
3162 1877 3506 1946 antequam
3540 1859 3621 1923 ad
3646 1860 3888 1923 dictum
3927 1854 4066 1932 bel-

2581 1966 2717 2027 lum
2739 1965 3043 2028 exirent?
3086 1969 3169 2027 At
3202 1964 3374 2029 enim
3404 1976 3625 2048 partes
3657 1960 3898 2022 anticas
3933 1974 4062 2022 tam

2557 2066 2647 2127 'in
2705 2067 2918 2127 numia
2960 2065 3248 2142 Latinis,
3321 2086 3513 2150 quam
3566 2061 3836 2131 Graecis
3881 2061 4064 2126 nullo

2580 2166 2734 2235 loco
2773 2167 3023 2233 babuit.

3297 2268 3336 2307 ⁴⁸
3460 2309 3501 2350 e

2863 2375 2951 2435 Vt
2989 2373 3085 2434 lit.
3121 2312 3202 2433 ἓ.
3233 2373 3339 2434 vel
3362 2375 3436 2432 B.

2582 2478 2722 2561 ΤΒ.
2787 2476 2862 2537 Ρ.
2898 2476 3008 2535 111.
3046 2471 3236 2537 COS.
3270 2473 3348 2535 11.
3389 2474 3463 2539 P.
3504 2474 3580 2535 P.
3633 2475 3837 2537 variis
3878 2474 4063 2553 typis.

2578 2581 2721 2653 AB.
2768 2578 2909 2643 ΑΕ.
2951 2577 2998 2638 1.
3033 2576 3113 2635 11.
3158 2575 3357 2656 (Mus.
3385 2575 3606 2657 Caes.)

2741 2810 2756 2823 ·
2927 2783 3001 2843 V.
3051 2784 3112 2844 C.
3153 2789 3300 2844 965.
3345 2783 3421 2844 P.
3463 2783 3546 2845 X.
3587 2787 3735 2845 212.

2586 2884 2718 2947 ΤΒ.
2754 2883 2822 2947 Ρ.
2856 2883 2970 2943 IV.
3015 2884 3192 2946 COS.
3219 2884 3315 2973 JI.
3352 2884 3420 2942 P.
3463 2886 3529 2942 P.
3575 2884 3802 2945 PWS.
3847 2881 4066 2944 mur.

2707 3084 3071 3168 Desperata
3102 3079 3378 3151 fratrum
3401 3084 3775 3160 concordia,
3836 3083 4070 3147 turbis-

2581 3204 2710 3270 que
2745 3208 2867 3270 per
2932 3186 3284 3270 imperium
3341 3208 3426 3249 ex
3481 3206 3710 3251 eorum
3775 3182 4096 3249 discidiis'

2584 3287 2795 3351 indies
2814 3289 3260 3352 crescentibus
3300 3289 3382 3373 de
3405 3287 3755 3352 dividendo
3789 3285 4068 3370 imperio

2585 3390 2929 3453 consilium
2985 3384 3250 3466 ineunt,
3330 3390 3506 3474 quod
3565 3401 3801 3475 agente
3859 3400 4071 3470 matre

2582 3491 2968 3577 repudiatur
2999 3493 3080 3572 ³¹).
3145 3491 3432 3554 Tandem
3476 3490 3809 3554 Caracalla
3837 3487 4066 3567 Getam
4127 3478 4136 3489 ⁸

2586 3593 2667 3656 ad
2709 3613 2945 3657 necem
2999 3592 3110 3655 diu
3161 3592 3403 3656 frustra
3460 3590 3826 3676 quaesitum
3888 3594 4068 3674 (nam

2587 3694 2856 3759 acribus
2913 3695 3226 3767 custodiis
3294 3695 3571 3758 salutem
3633 3696 4067 3775 muniverat),

2585 3811 2731 3883 post
2768 3797 3069 3861 simulato
3110 3816 3334 3860 amore
3364 3796 3433 3859 in
3467 3797 3634 3859 retia
3667 3808 4072 3878 pertractum

2588 3901 2656 3961 in
2689 3892 2833 3962 sinu
2857 3899 3080 3962 matris
3097 3896 3410 3962 interficit
3431 3898 3659 3961 aetatis
3687 3896 4074 3961 annoxxll.

2592 4019 2818 4063 mense
2854 4000 2963 4061 tx.
3034 4002 3138 4062 Ex
3167 4001 3295 4063 hoc
3328 4000 3562 4063 Dionis
3599 3997 3976 4063 testimonio
4009 3995 4072 4070 ¹³)

2594 4116 2659 4163 et
2710 4101 3012 4186 quoniam
3060 4102 3440 4185 Spartianus
3471 4122 3620 4165 eum
3667 4100 3774 4165 die
3803 4098 4070 4167 xxvn.

2592 4189 2751 4286 Maji
2782 4217 3001 4264 natum
3033 4201 3275 4279 statuit,
3321 4202 3714 4287 chronologi
3746 4202 3888 4286 ejus
3905 4222 4080 4265 mor·
4152 4264 4164 4277 ,

2592 4318 2728 4369 tem
2774 4304 3040 4368 exeunti
3088 4303 3452 4382 Februario
3502 4306 3652 4368 anni
3712 4304 4075 4389 praesentis

2596 4406 2920 4493 adfigunt,
2980 4404 3063 4469 de
3108 4428 3238 4492 quo
3283 4408 3427 4470 vide
3464 4408 3652 4493 plura
3702 4407 3766 4470 in
3798 4419 4073 4472 tractatu

2597 4509 2681 4573 de
2718 4509 2874 4600 trib.
2907 4521 3252 4592 potestate.
