4475 5584
1469 441 2162 522 COMMODVS.

282 629 519 715 Ephesi
571 630 750 717 apud
805 629 1216 695 Harduinum
1238 669 1258 707 ‚
1317 639 1394 694 ut
1437 626 1596 693 olim
1633 631 1766 694 Ha·

285 734 558 800 drianus.

652 939 1034 1004 fflbum‘ct'a
1061 947 1370 1017 potestat.

396 1093 703 1157 Diximus
755 1096 838 1162 ad
872 1118 1111 1160 annum
1139 1095 1221 1162 V.
1260 1092 1332 1153 C.
1369 1089 1494 1176 930
1516 1134 1537 1167 ,
1574 1086 1759 1152 Com·

285 1195 537 1261 modum
589 1197 1006 1262 tribuniciam
1046 1189 1436 1282 potesftatem
1486 1212 1566 1254 eo
1613 1192 1758 1276 ipso

282 1320 434 1361 auno
471 1301 876 1382 suscepisse,
937 1311 1001 1361 at
1052 1312 1181 1360 tam
1217 1318 1596 1383 perversam
1619 1297 1761 1379 ejus

279 1399 537 1463 iteratae
579 1420 726 1463 esse
762 1400 1076 1461 rationem
1098 1443 1117 1475 ,
1165 1413 1239 1462 ut
1275 1400 1588 1463 hactenus
1624 1418 1763 1461 mo·

280 1499 389 1564 dus
408 1505 714 1587 repertus
749 1522 880 1562 non
913 1501 1017 1576 sit,
1063 1522 1192 1584 quo
1211 1501 1325 1563 illa
1357 1501 1423 1564 in
1459 1499 1761 1563 ordinem

286 1603 719 1689 redigeretur.
765 1604 854 1665 At
871 1622 990 1664 nos
1024 1622 1168 1665 eam
1201 1599 1652 1665 difficultatem
1676 1621 1760 1664 ex

279 1705 610 1790 proposito
675 1700 1122 1789 expendemus
1175 1702 1242 1765 in
1304 1702 1626 1788 singulari
1673 1701 1757 1765 de

278 1806 391 1872 hac
421 1819 729 1914 tractatu¹8

665 1992 973 2073 Pontifex
1013 1993 1357 2054 maximus.

389 2145 549 2210 Dixi
592 2144 679 2209 ad
723 2165 961 2209 annum
1002 2145 1086 2211 V.
1124 2144 1199 2208 C.
1246 2142 1408 2227 937,
1469 2143 1599 2206 hoc
1647 2140 1760 2204 de·

276 2267 441 2320 mum
486 2266 659 2311 anno
692 2246 762 2307 in
812 2260 1074 2308 moneta
1105 2244 1447 2308 Commodi
1498 2241 1758 2328 pontifi·

278 2361 443 2410 catus
476 2348 746 2412 maximi
782 2345 928 2410 fieri
951 2348 1372 2409 mentionem.
1414 2345 1629 2414 Video
1666 2357 1758 2406 ta·

274 2468 448 2524 men,
507 2470 663 2512 eum
708 2449 837 2532 jam
887 2448 1019 2512 dici
1067 2446 1444 2533 pontificem
1490 2467 1656 2507 max.
1686 2444 1756 2506 in

271 2549 605 2613 marmore‘
653 2549 931 2613 fratrum
997 2549 1351 2625 arvalium,
1420 2544 1599 2632 quod
1657 2560 1759 2608 est

273 2649 337 2711 in
364 2651 743 2722 Marinianis
782 2650 1002 2714 tabula
1020 2651 1334 2724 xxxu„
1379 2646 1757 2711 consulibus

275 2752 629 2817 Commodo
647 2756 762 2823 IV.
813 2768 878 2816 et
900 2755 968 2818 C.
998 2752 1259 2815 Aufidio
1271 2747 1617 2819 Victorino
1636 2749 1715 2808 ll.
1737 2789 1755 2823 ,

276 2856 377 2939 qui
411 2878 656 2918 annum
684 2855 1188 2940 praecedentem
1232 2852 1356 2935 936
1390 2850 1752 2936 signabant.

275 2958 354 3017 At
398 2949 687 3023 observo
738 2957 931 3019 etiam
963 3001 980 3033 ,
1030 2957 1098 3019 in
1148 2956 1382 3018 eodem
1428 2970 1757 3015 marmore

276 3056 370 3118 bis
407 3059 758 3121 Commodi
793 3059 1019 3122 titulos
1056 3056 1385 3131 enarrari,
1433 3067 1498 3117 et
1531 3054 1756 3138 priore

280 3159 532 3243 quidem
567 3161 718 3224 1000
748 3160 890 3223 sine
933 3159 1152 3223 addito
1171 3162 1246 3221 P.
1270 3161 1361 3220 M.
1390 3156 1608 3234 titulo,
1643 3155 1756 3241 qui

274 3273 479 3326 tamen
519 3261 736 3326 altero
780 3263 929 3325 loco
965 3261 1248 3326 additur.
1293 3261 1398 3322 Ex
1430 3277 1565 3343 quo
1604 3278 1759 3322 con·

273 3360 450 3441 jicio,
492 3364 762 3428 labente
814 3361 943 3427 hoc
986 3383 1153 3426 anno
1197 3364 1278 3431 V.
1311 3361 1383 3425 C.
1427 3360 1551 3444 936
1586 3361 1759 3424 hunc

280 3463 634 3532 Commodo
677 3464 1000 3528 honorem
1043 3464 1399 3530 accessisse
1442 3475 1759 3548 sequente

278 3563 504 3631 deinde
589 3587 760 3631 anno
851 3579 1154 3634 monetae
1237 3564 1526 3641 illatum,
1630 3562 1759 3624 nisi

275 3665 439 3730 forte
535 3688 819 3752 arguere
907 3669 1055 3754 quis
1125 3666 1322 3742 velit,
1420 3662 1759 3749 quadrata

277 3767 433 3830 rium
469 3770 699 3857 exigui
740 3771 1055 3885 temporis
1085 3766 1425 3854 prolepsin
1462 3765 1586 3832 sibi
1611 3784 1761 3851 per-

277 3869 538 3938 misisse.

764 4079 804 4139 1
816 4096 935 4155 mp
952 4092 992 4139 e
1007 4097 1042 4140 r
1057 4098 1102 4144 a
1115 4087 1145 4140 t
1158 4097 1196 4141 ο
1212 4097 1267 4139 r.

279 4211 616 4291 Ιωρσωῑω·
638 4232 1049 4295 praenomen.

390 4379 769 4446 Secundum
790 4379 1031 4466 duplex
1064 4371 1429 4466 Lampridii
1460 4378 1753 4445 testimo-

3216 465 3358 532 137

1876 628 2097 705 nium,
2144 626 2324 713 quod
2372 626 2442 691 in
2469 628 2978 714 Prolegomenis
3018 630 3101 696 ad
3127 651 3367 723 numos

1877 730 2222 793 Commodi
2260 728 2517 793 laudavi
2541 773 2559 805 ,
2626 730 3025 795 Commodus
3071 753 3218 796 cum
3256 755 3371 818 pa-

1873 844 1978 894 tre
2012 831 2222 894 dictus
2261 843 2361 892 est
2388 828 2747 914 imperator
2787 832 2894 895 die
2924 835 3369 906 xxv11.No-

1858 931 2160 995 .vembris
2225 934 2314 1001 V.
2340 933 2411 996 C.
2457 950 2604 1016 929.
2675 932 3139 1001 Tillemontius
3200 936 3370 1002 haec

1872 1033 2237 1116 Lampridii
2280 1032 2479 1097 verba
2530 1033 2824 1117 capitde
2856 1034 3049 1097 titulo
3089 1035 3372 1121 impera-

1874 1135 2041 1206 toris
2101 1154 2184 1197 ex
2244 1134 2538 1199 victoriis
2569 1138 2651 1214 ²).
2747 1137 2996 1202 Verum
3054 1138 3110 1200 si
3165 1136 3369 1214 istud,

1876 1249 2058 1299 certe
2089 1238 2400 1299 Aurelius
2432 1249 2619 1322 pater
2654 1233 2809 1297 inde
2859 1237 2941 1298 ab
2983 1239 3110 1302 hoc
3145 1238 3256 1304 die
3290 1239 3363 1302 in

1874 1337 2088 1399 numis
2149 1336 2484 1400 diceretur
2528 1338 2704 1398 IMP.
2742 1339 2896 1413 IX„
2954 1359 3102 1402 cum
3147 1354 3367 1404 tamen

1872 1437 1931 1498 is
1969 1437 2037 1498 in
2066 1436 2281 1499 numis
2319 1437 2469 1500 anni
2503 1439 2837 1522 sequentis
2879 1439 3010 1521 jam
3050 1440 3372 1506 inclinan-

1872 1539 1957 1602 tis
1988 1537 2205 1601 adhuc
2222 1551 2413 1602 vetus
2432 1559 2618 1600 suum
2655 1540 3026 1607 1MP.V111.
3058 1543 3367 1605 retineat.

1874 1639 2021 1734 Qua
2050 1638 2133 1701 de
2164 1659 2379 1716 causa,
2423 1652 2494 1701 et
2527 1660 2676 1702 cum
2695 1655 3039 1724 praeterea
3060 1642 3368 1726 copiosus

1868 1741 2227 1803 habeamus
2263 1739 2414 1803 anni
2440 1739 2524 1808 V.
2562 1742 2636 1805 C.
2670 1741 2793 1824 930
2826 1763 3099 1818 numos,
3145 1743 3370 1829 inqui·

1871 1840 1995 1904 bus
2044 1842 2446 1906 Commodus
2502 1843 2709 1905 utitur
2755 1843 3185 1928 praenomine
3243 1847 3365 1906 im·

1863 1947 2187 2025 paratoria
2247 1957 2314 2006 et
2357 1944 2642 2006 laurea'
2609 1966 2691 2005 ιιι
2737 1944 2948 2028 capite
2987 1943 3235 2029 absque
3273 1958 3365 2008 ta-

1873 2063 2025 2106 men
2088 2042 2302 2108 adhuc
2349 2015 2648 2128 Augusti
2675 2045 2909 2123 titulo,
2955 2060 3210 2110 certum
3271 2047 3368 2110 vi·

1872 2146 2104 2222 detur,
2169 2169 2204 2208 a
2243 2145 2626 2229 Lampridio
2684 2146 3004 2231 intelligi,
3063 2148 3393 2212 Commo·,

1873 2246 2029 2310 dum
2072 2259 2212 2309 tum
2258 2247 2428 2329 patri
2473 2248 2541 2308 in
2589 2247 2871 2332 imperio
2922 2248 3129 2312 fuisse
3160 2248 3369 2314 socia·

1870 2361 2045 2422 tum,
2090 2361 2159 2410 et
2201 2347 2331 2428 jam
2377 2348 2843 2431 imperatorem
2888 2347 3017 2413 dici
3064 2350 3367 2434 coepisse

1873 2451 2074 2514 dilato
2129 2447 2342 2513 adhuc
2396 2448 2793 2533 aliquamdiu
2835 2450 3116 2535 Augusti
3169 2471 3365 2515 voca·

1871 2550 2054 2614 bulo.
2117 2549 2282 2612 Cum
2345 2549 2563 2612 numis
2611 2545 2990 2635 conspirant
3036 2572 3366 2617 marmora

1872 2653 2148 2716 sincera.
2233 2651 2345 2714 Sic
2390 2652 2457 2712 in
2510 2670 2594 2715 eo
2623 2695 2641 2729 ,
2704 2652 2881 2736 quod
2935 2651 3014 2714 ab
3048 2649 3366 2729 Oderico,

1872 2756 2018 2818 viro
2079 2752 2566 2829 eruditissimo,
2625 2753 2880 2837 accepit
2929 2752 3225 2815 Donatus
3273 2750 3363 2834 1θ),

1874 2868 1942 2918 ct
2015 2867 2118 2917 est
2168 2852 2321 2918 anni
2353 2853 2453 2930 ‚V.
2482 2855 2556 2917 C.
2613 2853 2779 2934 930,
2842 2852 3123 2936 legitur:
3185 2855 3365 2918 IMP.

1875 2956 2115 3019 CAES.
2202 2956 2281 3016 1..
2358 2955 2784 3021 AVRELIO.
2875 2949 3359 3019 COMMODO.

1875 3057 2065 3120 COS.
2131 3074 2486 3140 suppresso
2548 3054 2762 3118 adhuc
2817 3053 3094 3136 Augusti
3146 3054 3363 3117 titulo.

1871 3156 2121 3223 Eadem
2161 3156 2417 3219 ratione
2450 3156 2813 3218 Antoninus
2855 3156 3014 3217 Pius
3033 3155 3100 3215 in
3135 3155 3365 3238 primis

1874 3258 2008 3321 suis
2050 3258 2269 3320 numis
2318 3256 2619 3343 praefixit
2669 3257 2931 3319 titulum
2961 3257 3175 3332 IMR,
3239 3258 3367 3320 etsi

1871 3351 2206 3444 Augustus
2241 3360 2531 3422 nondum
2569 3371 2766 3423 esset.
2832 3355 3030 3451 Quod
3062 3358 3368 3421 Commo-

1875 3461 1997 3525 dus
2053 3461 2123 3522 in
2174 3461 2406 3546 primis
2450 3459 2586 3521 suis
2630 3457 2780 3522 anni
2826 3456 2953 3539 930
2994 3459 3210 3521 numis
3241 3458 3366 3521 ino

1873 3562 2220 3640 abstinuit,
2304 3562 2448 3645 ejus
2525 3558 2898 3625 verisimilis
2958 3579 3150 3622 causa
3217 3559 3370 3634 erit,

1873 3663 2051 3751 quod
2083 3664 2192 3727 hic
2237 3663 2502 3750 quidem
2546 3661 2757 3725 honos
2789 3660 2850 3722 ei
2888 3656 3066 3723 dicto
3090 3659 3197 3721 die
3215 3661 3368 3722 anni

1871 3766 2330 3853 praecedentis
2369 3764 2571 3828 fuerit
2590 3762 2932 3836 decretus,
2977 3776 3039 3822 at
3071 3761 3362 3845 aliquan-

1870 3883 1941 3931 to
1983 3867 2192 3931 serius
2228 3887 2351 3950 per
2383 3863 2680 3950 publicas
2719 3861 3152 3927 caerimonias
3171 3860 3370 3924 stabi-

1872 3971 2065 4048 litus,
2126 3981 2194 4032 et
2237 3968 2305 4029 in
2339 3987 2523 4029 usum
2559 3976 2889 4045 receptus,
2936 3962 3121 4044 cujus
3144 3981 3367 4025 exem·

1868 4072 1981 4153 pla
2011 4070 2141 4155 jam
2179 4068 2338 4131 alias
2371 4067 2564 4151 plura
2577 4064 2882 4128 vidimus.
2931 4064 3129 4126 Certe
3160 4061 3379 4125 iidem·

1866 4167 2216 4239 Commodi
2232 4167 2416 4231 numi
2448 4166 2774 4252 principio
2810 4163 3103 4242 anniq3o
3127 4162 3363 4247 signati

1864 4272 2286 4339 tribuniciam
2316 4287 2578 4356 quoque
2623 4277 3016 4351 potestatem
3053 4264 3360 4340 reticent,

1866 4397 1998 4462 quo
2038 4389 2256 4439 tamen
2289 4388 2586 4456 tempore
2616 4389 2692 4433 ea
2729 4368 2918 4431 illum
2970 4365 3350 4431 decoratum

338 4756 353 4770 ,
374 4699 435 4770 0)
469 4695 529 4754 iu
566 4692 771 4751 Aurel.
811 4653 950 4753 nota
985 4692 1119 4754 XX.

466 4787 640 4865 (Vol.
696 4789 875 4871 Vll.)
1033 4791 1045 4803 '

1266 4694 1333 4769 b)
1374 4689 1660 4751 ad·Thcs.
1687 4689 1913 4753 Mum:
1954 4705 2015 4766 p·
2042 4697 2179 4751 171-
