4475 5584
1076 435 1170 506 52,
1772 418 1868 492 M.
1973 418 2587 493 AVRELIVS
2690 366 3423 493 ANTO'NINVS.

1070 621 1337 667 errores
1366 623 1447 664 an
1494 601 1910 687 agnoscimus
1959 602 2305 666 Aurelium
2353 602 2564 676 illum,

1070 704 1182 789 qui
1209 704 1275 764 in
1290 705 1777 770 commentariis
1803 705 1934 767 suis
1956 705 2181 790 exigit,
2218 717 2288 766 ut
2308 703 2451 787 quis
2483 702 2567 766 sit

1070 810 1327 868 deorum
1357 810 1563 869 cultor
1579 810 1818 891 absque
1847 818 2059 869 tamen
2093 808 2562 885 superstitione,

1074 906 1365 981 θεοσεβης
1421 927 1610 990 χωρας
1678 900 2158 986 δεισιδαιμονιας
2205 904 2264 985 ⁸)
2288 948 2305 982 ,
2365 903 2478 989 qui
2526 925 2564 965 a

1076 1008 1414 1091 Diogneto
1461 1027 1532 1068 se
1572 1006 1879 1070 didicisse
1919 1002 2273 1090 profitetur
2323 1025 2395 1064 το
2437 1001 2574 1065 ἀπι-

1079 1127 1361 1182 emmo»
1419 1127 1550 1182 τοις
1603 1104 1711 1168 ὑπο
1761 1128 1877 1167 των
1945 1125 2408 1187 nemeaeum-n
2466 1129 2568 1165 και

1078 1229 1318 1292 ‹yon-ran
1348 1229 1481 1288 περι
1519 1200 1801 1290 ε’πῳδων,
1847 1198 2105 1285 minse.
2158 1199 2454 1290 Samum»
2501 1203 2569 1268 oi-

1074 1331 1391 1392 ποπομπης
1420 1332 1517 1368 και
1547 1329 1664 1370 των
1697 1330 1972 1371 rocon-rto»
2010 1314 2401 1394 λεγομενοις,
2436 1328 2566 1370 non

1074 1416 1304 1475 habere
1335 1416 1527 1493 fidem
1558 1414 1643 1473 s’t's
1664 1455 1681 1486 ‚
1725 1433 1891 1495 quae
1915 1422 2350 1493 portentorum
2377 1429 2567 1488 prae-

1072 1518 1537 1597 ste'qae'arumque
1589 1516 1878 1575 doctores
1928 1517 2008 1575 de
2062 1517 2567 1580 incantamento-

1075 1636 1215 1679 mm
1265 1620 1766 1698 daemonumque
1831 1618 2199 1695 depulsione
2221 1659 2239 1690 ‚
2302 1624 2368 1675 et
2403 1631 2569 1696 quae

1077 1728 1230 1782 sunt
1257 1723 1334 1780 id
1346 1702 1550 1799 'qenm
1575 1718 1714 1777 alia
1735 1759 1754 1791 ,
1799 1718 1869 1777 u'n
1903 1719 2131 1796 vulyus
2178 1716 2450 1792 efferunt
2476 1710 2565 1795 ¹³),

1074 1821 1188 1906 qui
1218 1820 1439 1903 legem
1472 1817 1615 1900 ipse
1645 1816 1829 1890 tulit,
1873 1826 1947 1878 ut
1978 1818 2046 1876 in
2079 1819 2359 1879 insulam
2411 1818 2568 1878 rele-

1068 1930 1378 2004 μαντηίην
1396 1963 1413 1993 ,
1457 1921 1572 2002 qm'
1614 1920 1872 2001 aliquid
1895 1919 2208 1996 facerent,
2254 1932 2377 1999 quo
2397 1919 2576 1978 leves-

1070 2026 1394 2087 hominum
1427 2022 1633 2081 animi
1658 2021 2106 2096 superstitione
2133 2021 2417 2080 numius}
2449 2029 2569 2083 ter·

1075 2133 1359 2188 rer-entur
1389 2120 1472 2202 c).
1553 2118 1688 2211 Qui
1753 2120 2030 2183 animam
2082 2118 2367 2182 hominis
2419 2138 2567 2181 esse

1071 2222 1511 2299 immortalem
1534 2266 1552 2298 ,
1597 2235 1708 2284 aut
1749 2221 1945 2305 plane
1972 2218 2291 2287 dubitavit
2321 2219 2384 2302 d)
2407 2266 2424 2297 ‚
2460 2234 2571 2286 aut

1072 2327 1355 2388 disserte
1384 2321 1650 2404 negavit
1679 2322 1761 2402 ο),
1804 2321 1982 2386 idem
1995 2337 2215 2385 tamen
2234 2322 2574 2406 magistro-

1071 2449 1220 2491 rum
1246 2443 1515 2487 suorum
1535 2423 1837 2507 sepulcra
1854 2423 2085 2487 hostiis
2103 2424 2451 2487 honoravit
2495 2420 2571 2504 s).

1198 2529 1287 2590 At
1317 2543 1481 2589 vero
1535 2525 1591 2588 si
1639 2524 1814 2589 hunc
1851 2525 2047 2589 animi
2083 2525 2376 2588 habitum
2419 2546 2570 2589 cum

1076 2656 1225 2700 sana
1260 2625 1679 2718 philosophia
1708 2647 1906 2711 posse
1955 2628 2320 2690 consistere
2361 2628 2574 2691 incre-

962 2798 969 2811 ,
1072 2738 1279 2804 dibile
1318 2731 1582 2798 videtur
1622 2728 1760 2806 illi,
1805 2729 1953 2815 qui,
2002 2731 2179 2814 quod
2215 2749 2337 2793 nos
2372 2727 2572 2792 hodie

1068 2841 1383 2925 facimus,
1428 2845 1726 2900 veterem
1766 2831 2229 2917 auspiciorum,
2276 2832 2573 2896 oraculo·

1070 2965 1258 3021 rum,
1333 2938 1809 3027 prodigiorum'
1854 2928 2203 2998 vanitatem
2248 2933 2464 3007 ridet,
2512 2933 2570 2995 is

1078 3065 1323 3132 quaeso
1355 3055 1640 3128 reputet,
1685 3040 1898 3122 ipsum
1915 3035 2154 3101 horum
2181 3036 2568 3100 exercitium

1074 3162 1216 3212 tum
1261 3167 1411 3211 cum
1454 3142 1664 3207 causis
1712 3137 2053 3224 religionis
2094 3137 2300 3200 fuisse
2332 3156 2571 3200 conne-

1074 3270 1264 3324 xum,
1323 3259 1520 3330 atque
1588 3255 1662 3306 ut
1706 3243 1781 3304 P.
1823 3238 2131 3315 Clodius,
2195 3239 2567 3315 Lucretius,

1073 3349 1444 3421 Lucienus,
1503 3345 1616 3430 qui
1676 3339 1993 3426 auspicia,
2050 3352 2118 3403 et
2160 3362 2198 3402 a
2259 3339 2384 3401 diis
2430 3358 2569 3405 me-

1076 3465 1219 3515 tum
1245 3450 1534 3512 riserunt
1554 3492 1571 3521 ,
1622 3442 1780 3508 dicti
1810 3442 2000 3505 fuere
2036 3441 2260 3526 impii,
2290 3441 2386 3505 sic
2415 3461 2569 3504 con-

1076 3568 1180 3616 tra
1242 3550 1426 3634 plos‚
1491 3547 1604 3633 qui
1668 3545 1830 3607 haec
1919 3543 2135 3606 omnia
2178 3543 2567 3628 probavere.

1081 3653 1279 3750 Quod
1355 3652 1412 3714 si
1464 3650 1608 3736 quis
1655 3647 1781 3711 fuit
1826 3647 2041 3710 animo
2084 3646 2310 3729 paullo
2361 3647 2570 3731 magis

1076 3771 1352 3832 tenero,
1399 3751 1654 3835 diisque
1695 3749 1830 3812 suis
1883 3746 2368 3828 indulgentior,
2419 3768 2573 3812 con-

1076 3858 1338 3941 tingere
1376 3871 1658 3941 pronum
1693 3850 1945 3927 fuerat,
1988 3864 2062 3913 ut
2098 3851 2566 3915 nonnullorum

1073 3958 1322 4044 judicio
1377 3954 1704 4020 excedere
1736 3951 1945 4035 justae
1986 3951 2251 4035 pictatis
2280 3951 2445 4016 fines
2475 3952 2570 4015 vi-

1081 4062 1374 4125 deretur.
1451 4060 1556 4133 An
1596 4076 1760 4131 vero
1815 4053 2011 4116 etiam
2064 4066 2203 4116 tum
2257 4055 2568 4118 continuo

1081 4158 1560 4248 superstitionis
1600 4177 1755 4222 reus
1795 4154 2167 4241 putandus?
2211 4156 2378 4251 Quis
2394 4157 2566 4220 enim

1076 4264 1149 4325 in
1192 4262 1370 4328 omni
1428 4250 1810 4345 antiquitate
1867 4258 2166 4322 censoria
2216 4280 2331 4320 sua
2382 4259 2570 4342 virga

1000 4398 1005 4404 ·
1082 4388 1274 4430 ausus
1324 4376 1425 4427 est
1473 4359 1788 4425 definiret
1831 4362 2134 4422 haetenus
2152 4363 2406 4422 sincera
2424 4365 2572 4424 reli-

1092 4452 4203 4489 βψ

2248 4508 2316 4578 b)
2353 4508 2490 4567 Ibid
2520 4509 2585 4568 L.
2620 4508 2661 4566 1.
2702 4508 2810 4577 ὁὸ.

1771 4606 1841 4677 d)
1891 4596 1979 4676 ἕὶς
1997 4598 2164 4686 §awo
2206 4602 2273 4659 L·
2306 4599 2405 4659 ΙΙΙ.
2447 4604 2549 4675 §30
2577 4600 2640 4658 L·
2660 4596 2765 4657 Iv-
2785 4606 2959 4664 -21‚
2995 4594 3064 4654 Lo
3099 4593 3209 4656 vlo
3237 4602 3332 4657 24·

2226 4694 2282 4765 s)
2323 4688 2643 4771 capitolin.
2670 4687 2729 4746 in
2764 4684 2964 4747 Aurel.
3002 4704 3054 4743 c.
3083 4693 3140 4750 ὅ.

1194 4516 1255 4585 a)
1287 4507 1377 4579 εἰς
1401 4502 1602 4570 ἑαυτου
1645 4514 1709 4570 L.
1746 4509 1850 4569 Vt.
1899 4512 1928 4581 §
1957 4519 2046 4572 30.

1086 4605 1159 4663 de
1174 4607 1384 4684 poenis
1411 4605 1512 4663 lib.
1533 4618 1622 4671 30.

1090 4718 1136 4756 c.
1176 4704 1299 4762 147.
1334 4708 1391 4757 et
1422 4694 1575 4755 Chil.
1616 4692 1768 4757 vm.
1802 4713 1853 4755 c.
1897 4703 2017 4758 180.

2680 562 2790 689 qia
2802 626 2836 679 ,-
2877 610 3054 688 quod
3079 608 3252 668 ultra
3286 615 3386 667 est
3401 648 3417 678 ‚
3459 606 3824 684 mperstitio
3860 604 4110 665 habetor
4125 604 4159 664 ?

2684 704 2835 797 Quo
2877 705 3142 789 quidem
3200 704 3268 766 in
3333 704 3605 766 arbitrio
3655 723 3959 767 verorum
4003 702 4160 763 limi·
4197 736 4206 743 „

2681 816 2820 865 tum
2869 804 3281 888 ignoratione
3317 818 3568 868 tantum
3622 801 3962 869 fluctuavit
4011 803 4169 866 anti·-

2680 904 2922 988 quitas‚
2983 919 3312 991 quantum·
3364 905 3432 966 in
3475 901 3932 983 admittendis,
3977 920 4162 988 repu-

2687 1004 3023 1068 diandisve
3054 1006 3395 1090 religionis
3426 1022 3691 1071 nostrae
3723 1006 4005 1072 cultibus
4037 1025 4163 1068 non

2683 1127 2835 1170 raro
2873 1106 3202 1191 hodieque
3229 1106 3617 1174 fluctuamus
3659 1108 3823 1194 ipsi,
3874 1121 4000 1169 tam
4034 1125 4163 1169 sae-

2681 1228 2766 1292 pe
2807 1207 3079 1272 incertis
3129 1210 3286 1272 olim
3328 1225 3397 1273 et
3458 1231 3633 1274 nunc
3693 1227 3926 1273 causae
3978 1206 4164 1289 hujus

2679 1306 2955 1387 finibus,
3002 1333 3195 1397 qnam
3243 1333 3374 1376 non
3415 1331 3678 1396 semper
3713 1311 3869 1395 satis
3914 1324 4014 1373 est
4062 1328 4167 1370 ex-

2680 1412 3045 1495 ploratum,
3101 1414 3214 1475 ubi
3267 1413 3519 1476 desinat
3565 1410 3966 1488 liberalitas,
4027 1430 4168 1494 par-

2682 1513 2991 1590 simonia,
3066 1513 3315 1589 cautio,
3392 1514 3505 1576 ubi
3561 1514 3810 1576 deinde
3866 1509 4168 1577 succedat

2681 1615 3147 1699 prodigalitas,
3221 1614 3525 1692 avaritia,
3589 1613 3867 1699 ignavia.
3969 1615 4169 1675 Acce·

2684 1714 2810 1791 dit,
2868 1715 3044 1800 quod
3098 1715 3281 1778 omni
3313 1718 3490 1778 'aevo
3534 1716 3815 1779 humana
3867 1715 4037 1777 ratio
4079 1712 4171 1774 in·

2685 1816 2986 1879 credibili
3030 1830 3336 1901 stupore,
3378 1830 3444 1879 et
3484 1830 3634 1901 post
3665 1830 3765 1880 tot
3796 1816 4171 1880 seculorum

2681 1918 3127 2003 esperimenta
3146 1918 3433 1981 nondum
3457 1916 3755 2003 depulso,
3793 1918 3971 2004 quod
3991 1929 4170 1979 recte

2681 2008 2926 2083 factum
2958 2034 3090 2096 est,
3124 2012 3301 2105 quod
3334 2019 3588 2104 inique,
3635 2038 3717 2081 ex
3749 2018 4041 2081 fortuitis
4072 2037 4174 2080 re·

2681 2144 2828 2185 rum
2865 2123 3118 2186 eventis
3159 2121 3331 2184 solet
3373 2121 3610 2184 metiri.
3663 2123 3736 2180 In
3762 2120 3949 2182 Nicia
3978 2117 4175 2182 Athe·

2683 2223 3007 2284 niensium
3074 2222 3240 2285 duce
3270 2265 3289 2300 ‚
3364 2221 3896 2305 superstitionem
3959 2220 4177 2303 culpa.-

2685 2323 2780 2387 vit
2810 2324 3154 2409 antiquitas
3177 2369 3193 2400 ‚
3235 2321 3412 2409 quod
3445 2323 3769 2405 religione
3796 2323 3995 2386 lunae
4040 2336 4177 2383 tum

2647 2462 2663 2491 ‘-
2688 2428 2862 2491 forte
2903 2423 3269 2490 deficientis
3327 2425 3576 2487 veritus
3614 2436 3715 2486 est
3754 2443 4028 2486 movere
4079 2442 4182 2486 ca·

2689 2543 2822 2593 stra
2839 2574 2857 2605 ‚
2903 2542 3098 2613 atque
3121 2525 3491 2591 inconsulto
3523 2524 3653 2588 hoc
3666 2538 3982 2609 angustae
4003 2543 4179 2585 men·

2688 2629 2770 2694 tis
2799 2632 3139 2715 proposito
3173 2627 3594 2711 semetipsum
3623 2647 3696 2689 ac
3729 2627 4004 2709 patriam
4032 2645 4183 2711 per·
4245 2644 4254 2653 ·

2690 2732 2875 2796 didit.
2945 2733 3196 2796 Eadem
3234 2731 3301 2793 in
3345 2729 3422 2793 P.
3457 2727 3691 2792 Clodio
3738 2728 4032 2813 culpavit
4062 2727 4180 2788 im-

2687 2837 3042 2918 pietatem,
3095 2832 3274 2919 quod
3332 2831 3552 2914 pullos
3603 2827 3964 2913 tripudium
4028 2827 4184 2891 soli-

2687 2936 2951 2999 stimum
3008 2946 3340 2999 aversatos
3396 2932 3478 2995 ad
3532 2944 3758 3015 potum
3824 2927 4181 3001 damnavit,

2686 3060 2760 3102 ac
2804 3058 2958 3101 mox
2989 3037 3248 3100 cladem
3276 3033 3444 3096 mari
3464 3050 3820 3118 perpessus
3855 3050 4007 3094 rem
4049 3031 4185 3093 Bo·

2684 3162 2939 3203 manant
2968 3136 3237 3201 adflixit.
3292 3136 3580 3202 Vicisset
3613 3132 3864 3209 Nicias,
3911 3152 4053 3197 non
4105 3132 4183 3193 il-

2681 3239 2821 3302 lum
2873 3239 3399 3324 superstitiosum
3451 3236 3726 3299 dixisset
3777 3233 3991 3313 fama,
4066 3222 4189 3296 sed

2682 3340 2960 3405 deorum
2987 3341 3250 3403 monitis
3278 3351 3463 3403 recte
3504 3338 3930 3410 obsecutum3
3987 3333 4188 3398 vicis-

2679 3460 2780 3509 set
2815 3444 3088 3508 Clodius
3108 3488 3125 3521 ,
3162 3462 3236 3504 ac
3261 3454 3399 3503 tum
3426 3441 3543 3506 ille
3569 3460 3703 3504 non
3734 3435 3974 3521 impius
3998 3480 4018 3509 ‚
4065 3432 4189 3497 sed

2680 3548 3016 3633 pullorum
3067 3542 3400 3608 fastidium
3439 3541 3785 3628 prudentia
3820 3538 4189 3623 castigasse

2681 3647 2916 3711 fuisset
2952 3647 3265 3711 creditus.
3344 3646 3766 3741 Quapropter
3812 3641 3868 3702 si
3897 3637 4190 3722 vigenti·

2684 3750 2807 3812 bus
2860 3763 2996 3813 tum
3052 3747 3264 3811 adhuc
3329 3745 3526 3833 patrii
3573 3744 3789 3807 cultus
3837 3740 4189 3812 institutis,

2682 3864 2876 3936 atque
2913 3850 2980 3911 in
3007 3849 3125 3913 illo
3162 3849 3541 3934 opinionum
3571 3843 3987 3931 publicarum
4029 3860 4193 3903 con-

2681 3949 2867 4017 flictu
2922 3971 3387 4036 nonnunquam
3435 3971 3476 4014 a
3529 3967 3600 4013 se
3648 3945 3793 4029 ipso
3848 3940 4191 4005 dissidere

2683 4052 2895 4115 bonus
2929 4052 3237 4115 Aurelius
3267 4065 3367 4115 est
3399 4048 3616 4124 visus,
3663 4046 3803 4110 sive
3844 4041 4025 4129 quod
4073 4063 4192 4106 na·

2685 4155 2914 4218 turalis
2954 4154 3096 4235 ejus
3131 4154 3199 4215 in
3233 4152 3393 4215 deos
3430 4170 3583 4213 suos
3618 4146 3865 4233 pietas,
3921 4159 3988 4208 et
4048 4145 4198 4229 pri-

2686 4277 2911 4321 maeva
2970 4254 3327 4329 institutio,
3390 4271 3557 4336 quae
3628 4249 3826 4313 etiam
3857 4244 4198 4312 cordatis·

2687 4359 2923 4420 simum
2971 4374 3326 4441 ‘quemque
3401 4373 3554 4416 raro
3603 4348 3840 4436 'plene
3903 4348 4199 4423 deserit,

3014 4508 3074 4578 c)
3108 4504 3323 4576 Paulus
3352 4504 3524 4583 Digg.
3561 4503 3626 4560 L.
3652 4501 3916 4559 XLVIII.
3951 4498 4046 4557 tit.
4099 4512 4197 4569 19.

3477 4594 3539 4667 e)
3579 4594 3816 4651 Tzetzes
3850 4588 4004 4650 Chil.
4043 4588 4195 4651 Vll.
