4475 5584
1052 453 1196 523 102

1455 734 1796 798 Commodis
1834 735 2115 796 Romam·
2129 754 2153 794 .-

2239 427 2931 508 COMMODVS.

2693 830 3620 897 ....*....C.

1655 833 1862 898 Aurei
1896 847 1962 896 et
2001 831 2318 918 Argentei
2372 875 2393 898 .
2477 878 2498 897 .
2585 874 2606 899 0
3667 881 3676 890 ·

1656 934 1870 997 Aenei
1897 955 2069 999 max.
2117 933 2273 996 mod
2277 974 3464 1000 .............
3549 934 3758 997 mm.

1526 1089 1535 1096 .
1652 1034 1865 1097 Aenei
1899 1036 1950 1098 1.
2001 1048 2068 1097 et
2103 1036 2185 1097 11.
2237 1034 2490 1099 formae
2691 1075 3458 1104 ........
3543 1037 3621 1100 C.

1652 1137 1867 1198 Aenei
1892 1139 2003 1197 111.
2041 1136 2296 1200 formae
2382 1177 3459 1205 ...........
3544 1136 3631 1201 Ο.

1460 1242 1800 1302 commatis
1830 1241 2162 1318 pet-cyrini
2179 1259 2203 1298 .·
2259 1283 2264 1290 .

1652 1338 1850 1401 Numi
1893 1339 2243 1401 drachmae
2289 1337 2583 1420 pondere
2697 1379 3456 1405 ........
3541 1340 3746 1402 RRR.

1650 1439 1864 1502 Aenei
1901 1441 2163 1502 urbium
2197 1439 2554 1501 liberarum
2596 1483 2614 1501 .
2701 1484 2719 1502 .
2803 1484 2824 1505 .
2859 1445 2865 1450 ’
2908 1482 3464 1507 ......
3549 1444 3631 1503 Β.

1654 1539 2079 1603 Coloniarum
2155 1584 2924 1607 ........
2958 1520 2964 1526 ’
3012 1584 3458 1607 .....
3544 1542 3750 1603 RRR.

1650 1640 2079 1704 Alexandrini
2154 1681 3462 1709 .............
3548 1644 3690 1707 RR-

2285 1971 2338 2031 0
2353 1970 2406 2031 0
2426 1971 2500 2030 Μ
2515 1971 2589 2033 Μ
2610 1972 2740 2033 OD
2761 1972 2908 2036 VS.

1176 2191 1379 2255 Natus
1423 2189 1704 2256 Lanuvii
1755 2188 2134 2274 parentibus
2194 2191 2289 2253 M.
2334 2189 2543 2252 Aure-

1049 2289 1147 2354 lio
1178 2292 1349 2378 Aug.
1371 2337 1389 2369 ,
1435 2307 1504 2357 et
1533 2291 1839 2355 Faustina
1861 2279 2122 2374 juniore
2151 2290 2321 2375 Aug.
2369 2310 2539 2353 anno

1053 2391 1135 2457 V.
1169 2391 1244 2459 C.
1278 2403 1440 2478 914,
1501 2375 1633 2479 quo
1680 2393 1823 2479 ipso
1880 2410 2048 2454 anno
2083 2405 2271 2475 pater
2308 2391 2536 2453 consul

1051 2493 1171 2559 111.
1201 2492 1361 2571 fuit,
1407 2509 1475 2560 et
1505 2506 1768 2557 mortuo
1814 2492 2144 2556 Antonino
2174 2492 2298 2554 Pio
2337 2492 2542 2575 impe-

1047 2596 1222 2660 rium
1281 2595 1520 2672 adivit,
1581 2593 1795 2680 pridie
1836 2595 1993 2656 Kal.
2029 2594 2250 2677 Sept.,
2312 2594 2425 2676 qui
2475 2605 2544 2655 et

1053 2696 1394 2780 Caligulae
1411 2696 1643 2758 natalis
1661 2695 1785 2757 fuit
1801 2740 1818 2772 ‚
1862 2707 2070 2757 matre
2099 2692 2332 2755 eodem
2351 2708 2542 2777 partu

1046 2799 1327 2863 alterum
1377 2794 1585 2860 filium
1632 2795 1857 2872 enixa,
1918 2795 2025 2858 cui
2069 2812 2311 2857 nomen
2344 2799 2543 2857 Anto-

1042 2903 1189 2963 m‘m'
1207 2943 1225 2975 ,
1270 2911 1339 2961 et
1368 2899 1448 2961 ab
1483 2910 1723 2961 eventu
1760 2900 2018 2962 Gemini
2067 2893 2347 2957 inditum
2389 2895 2540 2971 fuit,

1041 2999 1163 3062 sed
1201 2999 1313 3084 qui
1342 2999 1718 3084 quadrimus
1754 2998 1926 3060 diem
1956 2996 2120 3067 obi-it
2151 2996 2230 3075 ⁸).
2287 2999 2536 3058 Tamen

1042 3095 1512 3184 natumffl'fuisse
1561 3101 1991 3164 Commodum
2043 3118 2175 3160 non
2215 3116 2299 3158 ex
2329 3099 2537 3160 Aure-

1040 3201 1180 3277 lio,
1259 3201 1376 3264 sed
1441 3199 1843 3285 gladiatore,
1912 3198 2272 3266 verisimile
2320 3198 2535 3262 visum

1046 3303 1416 3385 Capitolino
1447 3300 1538 3381 b).
1616 3301 1952 3398 Quidquid
1983 3302 2148 3377 erit,
2194 3319 2383 3362 suum
2404 3299 2536 3362 Au-

1042 3404 1251 3468 relius
1336 3423 1599 3487 semper
1652 3403 1917 3485 agnovit
1985 3400 2385 3485 dilexitque,
2464 3414 2533 3464 et

1044 3515 1368 3590 gestatum
1401 3503 1572 3565 ulnis
1601 3523 1796 3584 saepe
1819 3501 2164 3587 proposuit
2191 3502 2530 3580 militibus,

1045 3625 1123 3670 ac
1166 3625 1316 3669 cum
1378 3605 1513 3668 suis
1560 3605 1929 3688 praeceptis
1993 3601 2233 3666 eximie
2276 3602 2530 3682 imbuit,

1043 3720 1183 3770 tum
1226 3706 1387 3770 viris
1437 3728 1475 3768 a
1520 3725 1781 3767 morum
1833 3704 2306 3789 literarumque
2359 3705 2532 3768 fama

792 3801 803 3812 ’
922 3854 929 3860 -
1047 3807 1449 3890 conspicuis,
1516 3827 1747 3870 verum
1825 3805 2084 3869 innutili
2109 3850 2128 3882 ,
2185 3820 2259 3868 ut
2302 3805 2531 3890 patuit,

1049 3929 1250 3992 opera
1306 3907 1715 3972 educandum
1764 3906 2053 3972 tradidit.
2125 3911 2359 3970 Caesar
2405 3928 2533 3970 una

1048 4006 1433 4074 cumfratre
1447 4009 1664 4073 Annio
1696 4010 1876 4079 Vero
1907 4006 2119 4071 dictus
2134 4020 2234 4070 est
2266 4005 2373 4069 die
2387 4007 2530 4069 ΧΠ.

1049 4110 1364 4202 Octobris
1384 4111 1462 4179 V.
1499 4111 1717 4198 02919
1764 4124 2032 4195 petente
2062 4112 2139 4175 1..
2158 4110 2362 4187 Vero,
2399 4128 2530 4194 quo

1050 4224 1353 4297 tempore
1408 4226 1688 4299 uterque
1754 4213 2086 4298 Augustus
2135 4211 2218 4275 de
2268 4209 2530 4276 Parthis

1053 4313 1478 4398 triumphavit
1506 4316 1593 4397 ⁰).

1167 4598 1230 4668 a)
1266 4593 1571 4675 Lamprid.
1611 4596 1673 4655 in
1707 4596 2085 4678 Commodo.-

1063 4681 1298 4760 pitolin.
1336 4685 1403 4747 in
1430 4685 1630 4747 Aurei.
1665 4704 1721 4749 c.
1749 4697 1836 4749 12.
1952 4687 2021 4762 d)
2058 4685 2366 4765 Lamprid.
2395 4704 2447 4745 e.
2483 4697 2569 4747 u.

2200 4597 2284 4670 b)
2311 4596 2373 4676 in
2405 4594 2609 4654 Aurei.
2629 4615 2676 4653 c.
2708 4607 2793 4669 19.

2778 2191 3145 2279 Antequam
3179 2187 3526 2257 Commodi
3552 2207 3786 2253 numos
3818 2183 4150 2265 describo,

2599 2377 2604 2386 .
2653 2309 2789 2355 non
2842 2293 3075 2356 inutile
3123 2314 3246 2379 pro
3279 2293 3516 2382 lterum
3553 2289 3879 2384 explicatu
3931 2287 4154 2352 videa·

2654 2404 2800 2470 tur,
2844 2393 3214 2479 praefigere
3246 2396 3540 2461 ordinem
3580 2388 4152 2475 chronologicum,

2655 2516 2784 2579 quo
2820 2495 2874 2557 is
2909 2495 3258 2581 dignitates
3305 2517 3428 2581 per
3462 2494 3804 2559 intervalla
3839 2490 4153 2574 suscepit,

2659 2594 2870 2659 donec
2908 2601 3192 2679 Augusti
3230 2598 3422 2659 titulo
3451 2608 3818 2658 ornaretur.

2656 2782 2734 2843 A.
2934 2781 3319 2866 Appellatus
3384 2778 3758 2868 CAESAR.
3831 2774 3940 2840 die
4007 2776 4152 2872 xil.

2659 2881 2973 2946 Octobris
3013 2885 3098 2952 V.
3118 2884 3190 2947 C.
3224 2899 3387 2965 quq,
3432 2884 3507 2943 P.
3524 2880 3606 2942 X.
3652 2878 3804 2957 190,
3849 2891 3921 2941 ut
3945 2878 4158 2942 conti·

2653 3003 2785 3046 nuo
2817 2984 3088 3048 dictum.

2648 3140 2730 3201 Β.
2930 3137 3163 3201 Dictus
3193 3134 3775 3202 GERMANICVS.
3812 3133 3975 3197 idib.
3998 3135 4157 3195 Her·

2649 3240 2851 3301 culeis
2908 3242 3201 3301 Maximo
3248 3249 3313 3300 et
3369 3240 3627 3314 orphito
3666 3258 3792 3299 cos.
3814 3278 3832 3310 ,
3893 3232 3967 3295 id
4008 3245 4160 3296 est:

2647 3337 3119 3406 {KV-Geminis
3143 3340 3227 3406 V.
3253 3338 3324 3402 C.
3350 3338 3496 3420 925.
3528 3340 3603 3401 P.
3635 3339 3716 3401 X.
3758 3347 3880 3418 ⁸7⁵¹
3907 3331 3999 3430 d).

2652 3495 2725 3560 C.
2758 3549 2762 3553 .
2926 3499 3317 3571 Adsumpms
3364 3475 3434 3554 iia
3469 3494 3686 3554 omnia
3735 3493 4018 3571 colleqia
4048 3511 4154 3550 aa·

2645 3599 2999 3659 cerdotalia
3018 3587 3324 3657 sacer-dai
3347 3594 3524 3656 XIII.
3555 3588 3888 3654 Kalendas
3933 3593 4154 3652 Invic-

2643 3710 2742 3759 tas
2761 3697 3002 3759 Pisone
3019 3710 3086 3758 et
3117 3694 3366 3756 Iuliano
3389 3713 3524 3755 cos.
3544 3736 3562 3767 ,
3609 3691 3674 3753 id
3695 3705 3826 3755 est:
3874 3681 3984 3754 die
4004 3691 4151 3755 XX.

2648 3797 2929 3860 Ianuarii
2953 3800 3034 3866 V.
3056 3799 3129 3860 C.
3160 3796 3310 3879 928.
3345 3797 3420 3860 P.
3440 3796 3526 3857 X.
3574 3796 3686 3870 ¹75
3718 3790 3798 3873 e).

2650 3955 2732 4017 D.
2934 3953 3267 4033 stofectm
3335 3953 3408 4013 iu
3477 3950 3893 4013 Germaniam
3965 3950 4158 4012 XIV.

2645 4058 2795 4119 Kal.
2826 4057 3055 4117 Aelius
3116 4055 3347 4114 iisdem
3387 4070 3515 4114 cos.
3541 4093 3560 4126 ,
3633 4047 3705 4111 id
3753 4060 3888 4111 est:
3963 4049 4186 4110 xlx..

2646 4155 2804 4239 Maji
2837 4156 2917 4225 V.
2951 4153 3183 4238 c.928.
3225 4152 3410 4218 P.X.
3448 4152 3566 4231 ¹75
3607 4145 3680 4231 ί”).

2645 4312 2729 4373 Ε.
2933 4305 3206 4369 Indutus
3286 4318 3386 4368 est
3465 4316 3622 4389 toga
3701 4302 3880 4366 virili
3954 4303 4158 4366 nonis

2909 4583 3001 4665 ⁷c)
3039 4588 3343 4668 Lamprid.
3395 4588 3456 4646 in
3474 4583 3801 4648 Commodo
3835 4606 3886 4643 c.
3922 4596 4010 4644 ιι.
4044 4586 4161 4644 Ca·

2681 4685 2742 4757 e)
2781 4679 3090 4760 Lamprid.
3122 4700 3173 4739 c.
3194 4694 3244 4741 ι.
3271 4690 3329 4738 et
3357 4690 3445 4742 12.
3553 4677 3609 4753 s)
3640 4671 3942 4754 Lamprid.
3977 4693 4034 4734 c.
4063 4686 4159 4737 12.
