4475 5584
1276 413 2560 538 ΡΕεοΕΝΝῙνε-ΝιῦΕῈξ

382 617 641 681 nomina
675 616 743 678 in
778 603 993 679 nu'mis
1026 613 1299 689 Graecis
1336 602 1590 684 Graece
1616 611 1875 676 reddita

378 719 698 802 reperies.
763 717 874 779 Sic
926 707 1215 797 Optimus
1257 718 1328 778 in
1364 718 1481 796 Αρι
1464 711 1671 793 ι’,στος
1718 720 1873 778 Pius

378 822 445 881 in
495 819 805 895 Ευσεβης,
867 822 1056 882 Felix
1104 820 1172 881 in
1235 818 1522 903 Ευτυχης
1568 832 1693 881 cte.
1724 819 1878 879 mi-

382 932 758 1006 gravei-unt.
867 899 1182 1004 Plerique
1247 919 1600 984 Pescennii
1663 920 1869 995 numi,

379 1043 662 1108 qnorum
701 1041 834 1085 non
866 1041 1110 1105 paucos
1149 1022 1217 1083 in
1257 1023 1541 1097 muscis,
1605 1035 1674 1084 et
1709 1035 1878 1083 cata-

373 1123 547 1209 logis
580 1121 827 1197 videas,
859 1122 1304 1185 inscribuntur
1338 1115 1747 1185 IOTCTOC.
1790 1123 1875 1183 At

375 1224 627 1286 notavit
690 1223 887 1286 etiam
938 1224 1067 1306 jam
1132 1223 1389 1308 pridem
1461 1222 1874 1298 Vaillantius‚

376 1337 494 1389 eos
525 1345 671 1388 sese
708 1333 938 1387 omnes
972 1339 1111 1389 arte
1132 1326 1339 1390 factos
1378 1325 1762 1387 observasse
1795 1325 1873 1402 ⁸).

374 1431 447 1489 In
484 1427 604 1503 iis,
651 1445 815 1512 quos
844 1428 1004 1489 mihi
1040 1427 1197 1509 ejus.
1218 1427 1484 1511 generis
1530 1425 1742 1489 adhuc
1784 1427 1878 1490 vi-

374 1530 540 1591 ‹lere
576 1529 805 1604 licuit,
854 1528 963 1593 hic
1001 1530 1373 1606 Vaillantii‚
1422 1529 1491 1590 in
1523 1528 1644 1590 hac
1681 1547 1875 1592 causa

372 1632 602 1694 idonei
643 1629 883 1713 judicis
909 1675 926 1705 ‚
992 1651 1200 1695 canon
1244 1652 1378 1695 non
1418 1630 1681 1695 fefellit.
1742 1632 1875 1692 No-

370 1734 507 1795 lim·
541 1746 760 1796 tamen
798 1734 994 1816 plane
1054 1732 1435 1808 adfirmare,
1497 1753 1630 1794 non
1672 1750 1871 1816 posse

370 1853 734 1916 occurrere
819 1836 1138 1919 genuinos
1210 1834 1559 1898 Pescennii
1612 1851 1870 1895 -numos

370 1958 527 1998 cum
563 1935 885 2019 scriptura
924 1929 1359 2012 IOTCTOC,
1409 1956 1553 1997 nam
1584 1948 1651 1997 et
1673 1953 1867 2018 saepe

369 2037 712 2120 reperitur
776 2039 1090 2119 scriptum
1143 2031 1694 2101 ATPoTcToc
1747 2054 1868 2120 pro

375 2135 853 2202 CEBACTOC
876 2183 894 2213 ,
966 2138 1121 2223 quin
1197 2138 1411 2220 etiam⁸
1447 2136 1526 2200 ad
1590 2137 1867 2200 formam

374 2243 703 2304 Graecam
760 2238 985 2302 adacta
1058 2239 1318 2301 nomina
1381 2239 1578 2324 plane
1642 2239 1873 2301 Latina

374 2339 871 2415 ΑΟΟΑΡΙΟΝ,
905 2336 1200 2417 ΒΩΤΑ,
1227 2336 1665 2414 ΜΟΝΗΤΑ,
1702 2338 1872 2402 ΑΜ-

374 2440 701 2507 BPOCIG
736 2437 1048 2506 HGTPG
1083 2457 1209 2508 etc.
1231 2486 1248 2518 ‚
1296 2463 1502 2529 eaque
1553 2444 1620 2504 in
1639 2464 1873 2507 numos

377 2560 669 2631 recepta.
735 2547 985 2614 Verum
1041 2546 1105 2607 in
1137 2545 1458 2607 similibus
1495 2545 1707 2613 causis
1737 2566 1872 2608 non

380 2648 749 2732 quaeritur,
797 2648 955 2732 quid
997 2663 1262 2732 praeter
1294 2668 1544 2711 morem
1577 2647 1725 2711 fieri
1757 2668 1876 2731 po·

378 2748 617 2823 tuerit,
666 2746 785 2810 sed
819 2748 975 2835 quid
1022 2769 1256 2812 revera
1295 2749 1540 2813 factum
1584 2749 1687 2811 sit.
1766 2750 1870 2811 De

379 2851 634 2917 seriore
658 2851 996 2920 Vaillantii
1030 2851 1437 2937 indulgentia
1471 2850 1618 2914 vide
1645 2894 1663 2928 ‚
1704 2868 1872 2938 quae

384 2974 535 3015 mox
562 2952 735 3015 infra
767 2953 849 3015 ad
877 2976 1146 3017 numum
1177 2952 1476 3017 coloniae
1515 2954 1873 3017 Caesareae

386 3054 811 3118 Samaritidos
839 3057 1146 3120 monebo.

505 3161 609 3220 En
627 3156 949 3238 syllabam
969 3149 1321 3221 mimorum
1346 3154 1715 3232 Pescennii,
1742 3155 1877 3238 pri·

384 3281 563 3324 mum
597 3260 711 3346 qui
739 3258 955 3343 probi,
995 3260 1145 3323 dein
1173 3259 1285 3344 qui
1306 3259 1592 3342 suspecti
1619 3258 1873 3334 saltem,

377 3383 468 3425 ne
520 3376 773 3424 temere
811 3360 1221 3424 eruditorum
1269 3360 1510 3444 judicia
1566 3359 1874 3440 damnare

386 3462 657 3539 videar,
701 3461 989 3526 habendi
1023 3472 1192 3526 s'unt.

851 3689 1052 3749 Numi
1084 3687 1357 3768 yenm‘m‘
1376 3709 1401 3748 .·

671 3865 1013 3932 ATTOK.
1034 3867 1397 3936 KAICAP.
1431 3867 1512 3934 Γ.
1547 3865 1877 3934 neem-3.

675 3969 743 4035 N
750 3969 837 4032 ῙΓ
843 3968 1002 4035 Pu).
1044 3969 1119 4038 Δ.
1187 3977 1386 4054 Caput
1415 3976 1790 4035 laureatum.

398 4073 843 4139 rtPoNOIA.
896 4069 1198 4138 ΘΕωΝ.
1277 4079 1520 4159 Aquila
1573 4079 1878 4155 expansis

389 4185 519 4244 alis
545 4184 770 4244 clavae
792 4182 1114 4242 insistens.
1132 4180 1273 4242 AR.
1292 4199 1461 4242 max.
1482 4175 1659 4241 mod.
1680 4179 1877 4261 (Reg.

390 4281 798 4484 G²¹;·gsigPi⁸
842 4381 951 4447 hic
998 4401 1233 4444 numus
1285 4395 1589 4466 repertus
1641 4380 1878 4465 Aleppi

502 4620 562 4688 a)
599 4611 773 4674 Num.
807 4563 1017 4672 Graec.
1057 4634 1117 4693 p.
1150 4621 1235 4677 78

394 4713 463 4768 Τ.
498 4705 713 4765 XXIV.
732 4709 808 4783 Ῥ.
831 4714 951 4767 105.
1090 4701 1175 4777 d>
1209 4695 1530 4760 Herodian
1570 4700 1633 4758 in
1662 4697 1877 4758 Pertin-

1440 4610 1509 4683 b)
1546 4609 1718 4667 Num.
1756 4617 1973 4684 praest
2012 4606 2081 4669 Τ.
2118 4608 2206 4672 11.‘
2228 4623 2288 4742 Ρ
2320 4613 2454 4676 20'7.·
2486 4604 2627 4698 edit.
2653 4608 2824 4668 Rom.

3333 439 3469 519 isi

1987 614 2218 681 incidit
2254 616 2322 679 in
2375 639 2603 681 manus
2634 604 2998 682 wilhelm?
3019 618 3307 683 Fankner
3348 605 3481 684 Α...

1990 717 2115 804 gli,
2160 741 2195 781 a
2244 740 2376 804 quo
2419 740 2567 781 eum
2602 720 3022 797 Vaillantius‚
3083 734 3154 783 ut
3197 722 3340 806 ipse
3382 736 3481 787 te·

1988 834 2193 884 statur
2224 811 2326 902 ¹²),
2407 822 2623 906 pretio
2694 824 2900 884 XXX.
2986 822 3478 886 Ludovicorum

1986 940 2338 984 aureorum
2385 922 2720 984 abstulit-²
2750 926 2812 985 Is
2869 945 3000 987 non
3059 924 3258 988 modo
3313 923 3480 1004 nihil

1991 1021 2225 1100 offert,
2293 1022 2472 1107 quod
2520 1019 2630 1087 vel
2674 1025 2854 1088 viros
2899 1011 3347 1089 delicatissimi
3389 1024 3481 1088 fa·

1991 1117 2170 1186 stidii
2210 1109 2438 1208 posset
2483 1124 2865 1203 offendere,
2931 1125 3047 1188 sed
3090 1125 3292 1189 etiam‘
3329 1139 3484 1208 post

1992 1224 2506 1287 clarissimorum
2551 1228 2843 1290 virorum
2883 1225 3163 1310 judicia,
3235 1228 3346 1312 qui
3393 1228 3484 1292 ci-

1992 1325 2261 1385 melium
2295 1326 2464 1388 istud
2510 1328 2959 1411 approbavere
3017 1348 3279 1405 omnes,
3337 1333 3483 1392 nul·

1990 1425 2119 1486 lam
2150 1427 2430 1509 amplius
2463 1447 2804 1489 censuram
2855 1429 3110 1494 metuit.
3190 1433 3264 1491 In
3313 1431 3485 1495 illud

1987 1527 2330 1610 praeclare
2349 1543 2822 1591 commentatus
2840 1544 2938 1592 est
2956 1532 3041 1593 cl.
3070 1532 3153 1593 de
3179 1535 3360 1595 Boze
3394 1533 3478 1612 0),

1986 1648 2216 1689 verum
2237 1627 2405 1718 in'eo
2434 1650 2469 1689 a
2502 1628 2639 1692 viro
2656 1629 2916 1695 erudito
2931 1631 3264 1708 dissentio,
3302 1633 3482 1717 quod

1989 1748 2139 1790 eum
2190 1730 2366 1809 Tyri'
2410 1730 2732 1813 signatum
2801 1733 3126 1817 opinatur.
3206 1734 3479 1797 Mallem

1986 1831 2374 1894 Antiochiae
2396 1875 2413 1905 ‚
2477 1847 2548 1893 ut
2575 1817 2862 1917 copiose·
2878 1834 3203 1918 disputavi
3236 1834 3304 1897 in
3344 1857 3484 1900 mo·

1987 1945 2137 1993 neta
2202 1931 2395 2014 hujus
2442 1933 2622 1995 urbis
2675 1955 2815 2019 cap.
2865 1938 2947 1997 11·.
3008 1935 3386 1999 Solitariam
3426 1937 3485 1999 Δ

1985 2035 2190 2117 partis
2256 2034 2510 2097 anticae
2571 2033 2849 2113 Δικαιον,
2925 2043 3205 2115 Iustum,
3278 2054 3483 2103 notat.

1989 2136 2207 2208 Alium
2239 2136 2385 2198 fere
2424 2138 2706 2200 similem
2739 2139 2986 2230 editum
3023 2141 3290 2224 reperio
3309 2143 3482 2227 apud

1987 2237 2376 2322 Arigonium
2410 2238 2478 2299 in
2507 2242 2721 2302 numis
2757 2242 2950 2304 editis
2979 2262 3149 2304 anno
3185 2250 3366 2326 1759.

2723 2343 2761 2381 s

2276 2437 2492 2505 ATT.
2534 2388 2617 2504 ιῖ.
2662 2438 2743 2505 Γ.
2792 2386 3062 2508 Πέοκ.
3117 2433 3474 2512 ΝιΓΡοο.

2274 2539 2455 2604 ΔΙΚ.
2514 2548 2715 2626 Caput
2749 2549 3126 2610 laureatum.

1912 2633 1925 2640 ’
1985 2640 2567 2708 ΚΑῙΟΑΡΕΙΑΟ.
2617 2641 3251 2714 ΓΕΡΜΑΝΙΚΗΟ.
3320 2656 3480 2717 Aes·

1987 2749 2302 2828 calapius.
2347 2748 2419 2806 In
2442 2746 2602 2811 alio:
2629 2751 2924 2827 Serpens.
2954 2753 3092 2816 ΑΕ.
3115 2753 3225 2814 111.
3249 2755 3477 2835 (vain.
3507 2747 3514 2754 ’

1988 2849 2197 2911 Νιιω.·
2221 2846 2511 2926 Graeci.)

2113 2947 2528 3011 Germanicia
2616 2951 2933 3015 Caesarea
3000 2953 3477 3039 Commagenes

1989 3050 2168 3113 urbs.
2203 3052 2289 3111 Ei
2323 3051 2581 3134 regioni
2613 3051 2742 3135 jam
2760 3067 2907 3116 ante
2928 3055 3274 3140 imperium
3296 3079 3483 3141 prae·

1989 3151 2115 3215 fuit
2142 3154 2372 3235 Niger.
2416 3156 2579 3217 Nam
2614 3154 2827 3217 omnis
2851 3159 3040 3242 regio
3070 3159 3153 3220 ad
3189 3159 3484 3243 Euphra·

1989 3268 2165 3332 tem,
2230 3256 2299 3316 in
2346 3276 2473 3340 qua
2517 3255 2960 3341 Commagene
3003 3261 3123 3322 sita
3167 3259 3333 3337 fuit,
3395 3265 3480 3337 ei,

1962 3343 2169 3442 ‘quod
2206 3358 2584 3441 praefectus
2626 3358 2852 3440 Syriae
2906 3374 3084 3439 erat,
3143 3357 3360 3447 paruit
3389 3364 3482 3445 d).

1987 3461 2094 3522 De
2126 3457 2447 3543 suspectis
2459 3460 2810 3523 Pescennii
2839 3461 3032 3546 hujus
3066 3465 3248 3528 urbis
3265 3467 3480 3529 numis

1988 3582 2145 3626 mox
2180 3561 2374 3627 infra.

2712 3664 2754 3704 1

2265 3768 2443 3829 ΙΜΡ.
2465 3707 2702 3830 CJES.
2742 3769 2813 3830 C.
2833 3711 3079 3834 szsc.
3110 3770 3286 3835 NIG.
3314 3771 3483 3838 IVS.

2273 3868 2477 3933 AVG.
2525 3871 2728 3948 Caput
2751 3871 3126 3934 laureatum.

1994 3968 2191 4035 COL.
2241 3970 2439 4032 AEL.
2501 3970 2691 4032 CAP.
2751 3968 3166 4038 COMMOD.
3218 3979 3483 4041 Astarte

1992 4083 2170 4136 stans
2187 4076 2259 4134 in
2280 4072 2507 4149 templo
2540 4073 2891 4150 tetrastylo.
2967 4075 3106 4138 AE.
3140 4074 3221 4136 11.
3250 4079 3478 4157 (Vaill.

1993 4174 2059 4236 in
2119 4193 2289 4237 nova
2357 4170 2511 4234 edit.
2611 4170 2939 4234 Coloniar.
3001 4187 3071 4238 et
3130 4175 3199 4238 in
3248 4180 3479 4243 Numis

1994 4276 2229 4344 Graec.
2266 4296 2331 4358 p.
2371 4274 2509 4355 78.)

2118 4377 2371 4438 Numus
2400 4390 2500 4439 est
2532 4375 2760 4439 Aeliae
2815 4376 3259 4461 Capitolinae,
3317 4382 3476 4446 olim

3023 4613 3088 4687 e)
3123 4611 3188 4671 B.
3221 4611 3287 4673 L.
3305 4613 3475 4675 Mem·
