4475 5584
1095 446 1921 560 M.‘'A,VREL1VS.
2017 467 2754 546 ANTONINVS.
3389 496 3474 561 υ

378 656 457 707 et
501 638 847 725 speciatim
876 638 961 706 de
1009 641 1324 710 ΟΡΤΙΜῙ
1375 649 1768 734 cognomine
1810 649 1880 711 in

383 745 749 823 Traianum
798 743 1042 809 collato
1066 790 1086 824 ,
1155 761 1222 811 et
1268 744 1351 814 ὃο
1381 750 1695 815 Hadriani
1732 752 1884 815 titu-

374 847 452 908 lo
482 846 689 929 patris
712 843 968 927 patriae
988 892 1007 912 .

510 946 812 1009 Atlitem
849 947 1012 1010 mihi
1046 972 1083 1013 a
1113 955 1552 1020 marmoribus
1571 953 1877 1017 intentari

376 1049 618 1124 video,
681 1048 748 1110 in
786 1049 1022 1131 quibus
1070 1067 1134 1114 et
1169 1057 1248 1117 L.
1281 1058 1495 1123 Verus
1517 1061 1728 1137 patris
1754 1078 1875 1135 pa·

377 1158 553 1225 triae
609 1149 833 1233 elogio
882 1149 1270 1234 decoratur,
1331 1170 1525 1242 atque
1566 1158 1708 1241 ipse
1742 1155 1876 1218 Au·

378 1251 595 1315 relius
642 1250 850 1312 multo
901 1255 1217 1319 maturius
1279 1280 1448 1321 anno
1497 1260 1578 1342 V.
1623 1261 1700 1323 C.
1749 1256 1874 1339 930

375 1380 417 1421 a
469 1374 579 1415 me
614 1349 905 1414 definito.
972 1356 1219 1423 Verum
1249 1360 1361 1445 qui
1406 1377 1663 1423 causam
1694 1379 1877 1420 suam

376 1459 824 1521 marmoribus
853 1476 1053 1541 agere
1102 1458 1445 1521 instituunt
1473 1504 1491 1535 ,
1552 1456 1878 1545 patien'ter

374 1559 634 1635 ferant,
710 1561 766 1622 si
827 1573 895 1623 et
948 1579 1176 1622 eorum
1229 1581 1487 1623 causam
1542 1560 1879 1624 marmori·

378 1662 510 1723 bus
540 1660 894 1727 involvam.
940 1662 1103 1721 Nam
1152 1659 1208 1720 si
1264 1680 1386 1744 per
1428 1662 1874 1725 testimonium

376 1761 777 1846 Capitolini,
831 1775 903 1824 ut
948 1760 1201 1838 fertur,
1273 1760 1582 1824 Aurelius
1614 1763 1877 1826 nonnisi

374 1877 532 1950 post
573 1861 799 1925 fratris
856 1861 1182 1938 reditum,
1243 1877 1436 1946 atque
1482 1863 1647 1927 adeo
1692 1866 1771 1932 V.
1800 1866 1873 1928 C.

377 1983 510 2044 0¹9
536 2007 555 2039 ,
600 1975 667 2025 et
701 1963 768 2023 in
801 1983 919 2026 suo
948 1962 1280 2025 tribunatu
1334 1963 1475 2026 XX.
1512 1984 1584 2026 se
1618 1979 1872 2048 patrem

370 2065 631 2151 patriae
671 2063 876 2141 dixit,
949 2085 1075 2148 qua
1127 2061 1381 2125 ratione
1431 2063 1488 2126 is
1536 2064 1605 2126 in
1654 2066 1873 2151 lapide

374 2166 734 2231 Muratorii
792 2164 923 2249 jam
992 2165 1061 2225 in
1118 2164 1451 2228 tribunatu
1509 2167 1681 2232 xvl.
1740 2168 1872 2231 hoc

370 2282 600 2355 potest
644 2267 838 2339 titulo
884 2264 1157 2351 gloriari
1189 2264 1292 2345 ⁸)‘3
1349 2281 1459 2329 aut
1505 2268 1699 2330 etiam
1743 2269 1874 2332 fra-

368 2382 483 2430 ter
510 2368 730 2431 Verus
767 2367 834 2428 in
880 2367 1313 2430 marmoribus
1352 2387 1675 2432 annorum
1719 2372 1866 2453 9ι5.

369 2470 503 2551 9ιὺ
534 2465 654 2548 b)?
715 2470 1027 2547 Accedit,
1090 2471 1157 2532 in
1210 2470 1547 2555 plerisque
1592 2492 1873 2535 marmo-

368 2570 562 2633 ribus
603 2572 686 2635 ad
701 2571 1040 2635 Aurelium
1077 2571 1577 2655 pertinentibus,
1623 2588 1691 2636 et
1719 2589 1870 2637 ante

371 2673 620 2738 sinuum
650 2676 732 2739 V.
764 2674 837 2737 C.
875 2670 999 2754 930
1023 2674 1287 2757 positis,
1333 2672 1563 2737 abesse
1613 2694 1868 2752 revera,

368 2790 449 2838 ut
495 2775 826 2859 oportuit,
886 2774 1088 2859 pat-ris
1131 2775 1379 2859 patriae
1417 2776 1746 2861 elogium,
1798 2791 1870 2841 ut

369 2876 581 2947 adeo,
628 2876 681 2938 si
718 2898 845 2961 qua
891 2890 1080 2952 sunt,
1125 2896 1291 2961 quae
1330 2877 1643 2941 adversus
1672 2878 1873 2941 tradi·

374 2994 513 3042 tam
560 2978 861 3062 regulam
914 2992 1226 3060 peccaut,
1287 2978 1476 3061 culpa
1524 2981 1733 3042 omnis
1785 2980 1870 3045 sit

372 3094 489 3143 aut
528 3100 733 3164 penes
770 3099 919 3157 eos,
963 3066 1076 3162 qui
1120 3079 1687 3157 minus‚adcurate
1735 3082 1873 3166 epi·

373 3203 676 3268 gramma
718 3180 1163 3266 exscripsere‚
1225 3195 1334 3244 aut
1364 3202 1569 3265 penes
1600 3184 1874 3268 quadra·

368 3285 584 3348 tarios
606 3329 624 3361 ,
669 3283 782 3368 qui
816 3278 1075 3345 titulum
1107 3284 1279 3347 hunc
1300 3329 1316 3359 ,
1363 3305 1555 3368 quem
1586 3287 1869 3371 primum

366 3407 551 3451 anno
596 3387 679 3452 V.
721 3386 793 3447 C.
828 3386 993 3465 9ι4,
1049 3384 1287 3448 deinde
1337 3386 1571 3448 iterato
1603 3406 1726 3468 quq
1761 3385 1873 3448 de·

368 3502 637 3552 cretum
672 3500 1026 3562 noverant,
1070 3486 1264 3550 etiam
1319 3488 1400 3551 ab
1435 3502 1714 3572 utroque
1747 3490 1872 3550 Au·

370 3604 577 3677 gusto
620 3603 993 3673 susceptum
1048 3589 1480 3665 credideriut,
1530 3590 1714 3673 cujus
1762 3609 1871 3673 ge-

362 3692 560 3755 neris
586 3692 805 3776 lapsus
836 3690 902 3751 in
931 3693 1369 3759 monumentis
1397 3692 1751 3776 praecipue
1770 3691 1868 3768 iis,

372 3814 553 3879 quae
602 3793 671 3853 in
722 3792 1082 3877 provinciis
1126 3807 1444 3878 concepta
1487 3807 1672 3871 sunt,
1736 3793 1869 3878 pri-

374 3894 538 3957 dem
571 3893 843 3979 cogniti.

514 3985 788 4077 Aiebam
826 4016 1019 4081 supra
1043 4041 1061 4073 ‚
1110 3996 1192 4060 ab
1219 3996 1494 4060 Aurelio
1527 3995 1701 4059 bunc
1720 3995 1868 4064 titu-

368 4097 930 4182 lum.adoptatum
985 4099 1197 4163 adhuc
1242 4113 1523 4162 exeunte
1583 4120 1751 4161 anuo
1786 4099 1866 4164 V.

366 4204 449 4264 C.
492 4219 639 4291 qao.
688 4201 837 4264 Hoc
871 4215 943 4263 ut
980 4200 1374 4282 conjicerem
1399 4245 1417 4277 ‚
1462 4199 1722 4283 impulit
1753 4221 1870 4262 nu-

365 4323 526 4365 mus
584 4315 977 4386 argenteus,
1020 4303 1133 4385 qui
1182 4325 1419 4379 sanus,
1476 4301 1868 4387 acjnteger

363 4418 589 4469 exstat
634 4404 705 4466 in
746 4424 1046 4468 museum
1071 4405 1465 4469 Caesareum
1509 4423 1743 4469 recens
1769 4406 1863 4467 in·

362 4509 565 4570 latus.

2278 656 2370 715 M.
2400 655 2864 736 ANTONINV
2869 656 2937 719 S.
2971 657 3173 726 AVG.
3211 657 3484 722 GERM.

2283 754 2544 820 SARM.
2612 759 2812 835 Caput
2846 761 3222 821 laureatum.
3453 764 3460 771 '

1993 856 2138 916 DE.
2186 852 2461 918 GERM.
2519 860 2659 921 TR.
2707 860 2786 920 P.
2835 860 3040 922 XXX.
3086 861 3260 925 IMP.
3304 861 3483 929 VIII.

1995 955 2535 1035 coe.111.,1³.1›.
2575 963 2940 1039 Tropaeum.
2996 961 3138 1025 AR.
3445 942 3452 951 “

2113 1058 2423 1120 Aurelius
2450 1057 2519 1118 in
2559 1059 2747 1120 nullo
2782 1081 3020 1137 numo,
3068 1083 3230 1146 quos
3264 1064 3487 1128 hacte-

1988 1180 2111 1220 nus
2156 1159 2470 1236 viderim,
2538 1160 2779 1223 dicitur
2807 1174 2993 1244 pater
3033 1165 3282 1245 patriae
3332 1180 3485 1229 ante

1989 1259 2141 1321 trib.
2184 1273 2575 1343 potestatem
2624 1261 2861 1323 XXXI.
2929 1262 3151 1356 Quare
3201 1277 3482 1349 tempus,

1991 1381 2121 1444 quo
2149 1360 2279 1422 boc
2313 1361 2601 1445 elogium
2637 1361 2942 1439 adscivit,
2987 1364 3229 1444 pendet
3264 1388 3299 1428 a
3321 1380 3486 1430 tem·

1990 1480 2188 1545 pore,
2252 1482 2382 1544 quo
2434 1463 2797 1526 tribunatus
2841 1484 3186 1526 numerum
3235 1465 3481 1529 iterare

1994 1575 2092 1624 est
2108 1563 2365 1627 solitus.
2414 1564 2573 1625 Cum
2611 1564 2918 1625 Aurelius
2956 1564 3021 1626 in
3060 1586 3204 1627 mea
3226 1580 3484 1629 senten-

1991 1663 2115 1738 tia,
2189 1684 2382 1747 quam
2447 1664 2602 1725 olim
2680 1665 2950 1747 copiose
3010 1668 3479 1749 comprobabo,

1989 1763 2388 1828 tribunatum
2423 1765 2658 1825 XXXI.
2692 1763 2957 1829 iniverit
2991 1768 3307 1829 Kalendis
3341 1770 3476 1832 Ian.

1989 1866 2068 1929 V.
2108 1866 2177 1925 C.
2242 1863 2406 1947 930,
2475 1883 2746 1927 necesse
2793 1879 2928 1943 est,
2984 1889 3255 1931 numum
3308 1869 3483 1933 bunc

1986 1964 2191 2029 fuisse
2253 1965 2574 2049 signatum
2640 1980 2921 2029 exeunte
2975 1990 3146 2031 anuo
3210 1989 3481 2053 praece·

1988 2065 2185 2128 dente
2216 2086 2378 2150 929,
2425 2065 2604 2151 quod
2641 2088 2772 2129 non
2801 2068 3272 2152 improbabile3
3330 2092 3480 2133 nam

1988 2180 2248 2229 exstant
2309 2168 2503 2230 etiam
2560 2168 2809 2230 similes
2881 2169 3065 2231 numi
3135 2171 3480 2235 Commodi

1989 2269 2308 2345 Caesaris,
2357 2270 2468 2353 qui
2502 2283 2683 2332 certe
2715 2283 2862 2330 sunt
2882 2267 3074 2354 hujus
3110 2273 3290 2348 anui3
3328 2293 3479 2335 nam

1987 2368 2043 2429 si
2081 2382 2301 2431 essent
2335 2372 2483 2432 anni
2518 2373 2852 2457 sequentis
2891 2373 3051 2456 930,
3095 2393 3229 2437 000
3281 2373 3349 2434 in
3395 2372 3475 2433 iis

1983 2468 2265 2532 omissus
2318 2485 2491 2534 esset
2543 2473 2770 2536 titulus
2821 2474 3049 2550 COS.,
3078 2495 3226 2557 ,quo
3261 2474 3317 2536 is
3355 2473 3478 2535 illo

1985 2588 2153 2634 anno
2188 2570 2535 2656 insignitus
2562 2572 2705 2639 fuit.
2766 2578 2971 2638 Causa
3001 2574 3341 2639 feriundae
3360 2574 3479 2635 hu-

1982 2670 2085 2754 jus
2131 2686 2432 2735 monetae
2478 2672 2601 2736 fuit
2661 2676 3030 2760 triumphus
3075 2676 3158 2736 de
3207 2677 3474 2738 Germa·

1983 2773 2083 2835 nis
2132 2785 2316 2835 actus
2349 2773 2454 2835 die
2495 2775 2728 2838 xxm.
2761 2778 2926 2839 Dec.
2961 2778 3039 2843 V.
3080 2777 3151 2840 C.
3195 2794 3356 2858 929,
3403 2790 3479 2837 ut

1984 2874 2066 2938 ad
2123 2874 2296 2938 hunc
2331 2896 2567 2938 annum
2595 2920 2613 2952 ‚
2662 2890 2728 2938 et
2758 2878 3057 2960 proxime
3087 2888 3472 2961 sequentem

1985 2976 2067 3037 de
2122 2976 2336 3037 numis
2387 2974 2580 3053 huius
2644 2978 3012 3061 argumenti
3069 2978 3470 3039 disserentes
3523 2964 3536 2971 ’

1986 3075 2583 3139 animadvertimus.
2647 3081 2734 3140 Et
2769 3098 2921 3140 sane
2958 3078 3318 3141 verisimile
3352 3092 3473 3156 est,

1985 3177 2161 3239 inter
2218 3179 2534 3264 triumphi
2596 3179 2739 3262 ejus
2801 3180 3178 3264 applausum
3270 3180 3475 3265 patris

1984 3280 2233 3364 patriae
2270 3301 2510 3343 nomen
2546 3282 3181 3345 rursum·decretum
3225 3305 3262 3345 a
3293 3301 3475 3345 sena-

1986 3397 2098 3458 tu,
2143 3404 2217 3449 ac
2263 3381 2526 3446 demum
2573 3407 2610 3447 a
2641 3384 3007 3449 reluctante
3049 3382 3162 3445 diu
3203 3383 3473 3446 Aurelio

1988 3485 2327 3547 adscitum.

2112 3586 2313 3651 obvii
2349 3601 2498 3649 sunt
2528 3587 2710 3649 numi
2742 3588 3036 3673 argentei
3070 3587 3369 3671 inscripti
3404 3587 3473 3648 in

1984 3708 2212 3751 aversa
2264 3690 2407 3751 solo
2455 3690 2643 3752 COS.
2681 3692 2790 3751 111.
2827 3692 2899 3752 P.
2932 3692 3007 3753 P.
3037 3689 3234 3752 variis
3280 3687 3471 3772 typis.

1984 3792 2123 3850 Hos
2170 3789 2331 3851 olim
2392 3790 2457 3850 in
2509 3790 2821 3873 Catalogo
2885 3791 3096 3851 musei
3141 3789 3468 3864 Caesarei,

1981 3890 2286 3974 quoniam
2324 3905 2588 3972 praeter
2619 3890 3027 3954 consulatum
3061 3892 3175 3954 111.
3212 3890 3468 3951 nullum

1984 3993 2181 4054 alium
2212 3993 2658 4055 characterem
2690 3991 3232 4074 chronologicum
3282 4011 3472 4075 prae-

1982 4094 2235 4162 ferunt.
2299 4094 2544 4156 inserui
2597 4093 2809 4155 numia
2869 4093 3018 4156 anni
3070 4093 3151 4159 V.
3200 4090 3272 4154 C.
3321 4100 3467 4175 9ι4.

1982 4198 2062 4258 Ρ.
2094 4198 2174 4256 X.
2218 4194 2372 4279 162,
2417 4214 2548 4279 quo
2577 4213 2653 4257 re
2688 4194 2826 4278 ipsa
2871 4194 3104 4258 consul
3151 4192 3263 4255 111.
3314 4212 3472 4277 pro·

1983 4297 2180 4361 cessit
2209 4296 2552 4373 Aurelius,
2595 4309 2847 4358 temere
2878 4292 3182 4356 nimirum
3205 4306 3469 4358 secutus

1980 4394 2318 4464 oraculum
2368 4398 2695 4475 occonis,
2772 4394 3115 4479 scopulum
3161 4396 3317 4460 inde
3386 4396 3468 4460 ab

1908 4502 1923 4507 ’
1981 4519 2132 4567 ortu
2179 4521 2299 4565 suo
2354 4500 2628 4565 eruditis
2678 4499 2982 4564 fatalem.
3007 4498 3098 4563 At
3142 4520 3304 4564 vero
3351 4519 3467 4584 po-

478 4740 543 4808 a)
584 4738 722 4814 Peg.
757 4744 878 4799 188·
908 4737 960 4797 ⁶.

1108 4734 1179 4809 b)
1212 4735 1440 4796 Gruter
1466 4758 1601 4815 pag.
1631 4745 1759 4802 258.
1792 4714 1843 4797 2.
1875 4745 1934 4792 et
1968 4743 2122 4798 108².
2154 4745 2203 4798 Ζ·
2234 4729 2343 4788 bis-
