4475 5584
1138 427 1227 505 L.
1327 421 1948 504 Avnnmvs
2050 381 2518 504 vERvss

295 608 672 675 tribuendum
701 623 946 674 censet.
999 611 1152 674 Non
1199 630 1502 699 repugno
1546 615 1750 700 perti-

299 713 506 776 nacius.
593 712 976 779 Valentiora
1022 714 1285 798 quidem
1353 731 1503 781 sunt
1549 716 1751 781 linea-

298 826 508 890 menta,
565 835 762 899 quam
813 835 937 898 pro
985 829 1198 878 aetate
1249 818 1467 900 puelli*
1493 832 1752 903 septen·

295 913 382 976 nis
393 935 412 986 3
452 913 564 978 sed
585 934 784 999 saepe
818 929 1079 979 veteres
1098 916 1167 978 in
1200 937 1557 1001 puerorum
1594 921 1755 982 Cae·-

298 1034 485 1078 sarum
544 1015 942 1100 imaginibus
1018 1030 1296 1080 aetatem
1365 1020 1760 1103 anticipave-

298 1128 445 1179 runt.
494 1118 569 1182 In
607 1117 808 1178 simili
861 1137 1062 1180 numo
1114 1119 1327 1181 musei
1362 1119 1752 1199 Christiane,

294 1233 464 1297 quem
493 1217 728 1281 eodem
762 1220 916 1281 loco
965 1219 1240 1296 adduxi,
1282 1221 1502 1286 vultus
1548 1222 1757 1306 magis

294 1315 363 1378 ad
404 1317 712 1381 infantem
770 1321 1044 1384 accedit.
1126 1323 1261 1383 Pro
1331 1322 1546 1383 Annio
1598 1321 1759 1384 facit

297 1418 465 1482 etiam
503 1420 723 1483 solum
771 1422 1165 1486 vocabulum
1212 1417 1544 1499 BHPOC‚
1603 1444 1756 1486 nam

288 1517 423 1595 fuit,
462 1534 533 1583 nt
569 1521 892 1602 vidimus,
948 1538 1208 1610 tempus
1234 1566 1255 1602 ,
1326 1543 1459 1608 quo
1520 1525 1756 1589 Caesar

290 1620 548 1686 nondum
587 1624 737 1687 fuit.
928 1667 935 1672 —

395 1720 1411 1803 OTHPOC.ANT.(2NTNOC‚
1456 1725 1524 1788 in
1558 1746 1760 1790 numo

291 1825 629 1888 Amasti-iae
671 1824 885 1890 musei
942 1826 1271 1911 Theupoli
1326 1849 1390 1911 p.
1428 1826 1585 1910 913,
1648 1828 1761 1913 qui

296 1924 343 1986 si
370 1941 541 1991 recte
592 1941 696 1992 est
745 1927 1112 2014 descriptus
1132 1971 1150 2005 ‚
1213 1948 1358 1993 esse
1402 1928 1649 2014 poterit
1679 1929 1761 1992 1..

3254 441 3344 507 82

1859 609 2023 681 Veri
2071 609 2276 695 Aug.,
2342 625 2537 693 quem
2592 625 2725 669 nno
2777 602 3144 693 eodemque
3186 619 3360 670 tem·

1863 732 2027 799 pore
2062 711 2375 775 Antonini
2407 727 2648 771 nomen
2686 708 2999 792 gessisse,
3045 722 3352 773 auctores

1861 812 2167 878 nonnulli
2200 825 2546 875 testantur.
2586 813 2779 874 Hunc
2791 831 3056 872 numum
3084 830 3356 874 revoca-

1865 913 1953 979 bo
1984 913 2155 977 infra
2184 914 2251 976 in
2285 915 2505 989 Vero,
2550 934 2681 998 quo
2721 913 2875 976 loco
2913 912 3097 974 litem
3135 912 3219 975 de
3246 934 3358 977 va-

1867 1016 1986 1079 riis
2000 1016 2191 1100 hujus
2224 1015 2503 1098 Augusti
2534 1012 2906 1076 nominibus
2954 1013 3356 1099 disceptabo,

1994 1111 2576 1179 BHPICCIMOC.
2638 1112 3001 1180 KAICAP.
3071 1119 3362 1177 Numum

1873 1218 1968 1283 sic
1996 1218 2383 1302 inscriptum
2429 1220 2836 1300 Tyranorum
2865 1216 3221 1278 Sarmatiae
3257 1237 3364 1278 su·

1868 1341 1989 1406 pra
2025 1341 2171 1404 pag.
2206 1316 2310 1402 oq.
2339 1332 2490 1403 post
2519 1317 2941 1386 Vaillantium
2973 1321 3063 1379 M.
3088 1317 3366 1381 Aurelio

1871 1422 2136 1485 Caesari
2158 1419 2524 1482 tribuimus.
2571 1418 2644 1479 Si
2671 1415 2834 1480 fides
2853 1418 3233 1482 Herodiano
3275 1417 3360 1499 ⁸),

1865 1519 2253 1603 Βηρισσιμος
2283 1531 2550 1583 vocatus
2589 1519 2783 1582 etiam
2818 1519 2942 1583 fuit
2965 1519 3216 1583 Annius
3231 1520 3365 1589 Ve-

1872 1644 2006 1687 rus.
2053 1622 2171 1685 Sin
2211 1620 2385 1684 istud
2407 1665 2425 1697 ,
2488 1639 2701 1707 neque
2757 1620 2910 1685 huic
2941 1641 3054 1683 sua
3086 1621 3154 1682 in
3186 1621 3364 1685 hunc

1871 1745 2142 1787 numum
2167 1723 2314 1806 jura
2349 1723 2644 1787 deerunt.
2689 1722 3010 1787 Iudicium
3059 1741 3143 1785 ex
3179 1721 3366 1785 vultu

1872 1825 2221 1910 pendebit,
2280 1846 2362 1889 an
2407 1825 2464 1887 is
2522 1826 2752 1887 saltem
2799 1823 3180 1888 barbatulus
3201 1868 3219 1903 ,
3282 1843 3366 1886 an

1873 1928 2070 2012 plane
2103 1925 2456 2006 imberbis,
2501 1948 2577 1993 ac
2608 1927 2821 1993 forma
2847 1924 3111 2012 puerili.

1422 2238 1433 2248 ·
1562 2212 2075 2277 PRETIVM.

688 2407 1029 2473 Commotus
1070 2412 1379 2473 Roman&

879 2510 1125 2585 Aurei,
1170 2522 1238 2572 et
1270 2509 1570 2595 argentei
1645 2553 1665 2572 .
1749 2553 1771 2572 .

877 2710 1089 2774 Aenei
1127 2711 1177 2774 Ι.
1210 2726 1281 2782 et
1312 2713 1394 2775 11.
1429 2712 1687 2775 formae
1759 2756 1778 2773 .

1855 2550 2413 2574 ......
2499 2509 2775 2610 ...ο

884 2611 1096 2673 Aenei
1130 2632 1298 2674 max.
1344 2609 1564 2686 mod.‚
1611 2611 1667 2674 si
1701 2610 1899 2676 modo
1935 2610 2203 2697 genuini
2286 2611 2307 2677 ’.
2394 2655 2413 2674 .

2603 2656 2621 2676 .
2709 2555 2976 2675 RitRR.

2714 2715 2920 2777 RRR.

1867 2753 2631 2780 00000000

686 2812 1024 2876 commatis
1050 2816 1383 2893 per-syrim·
1424 2818 1815 2878 Graecarum
1848 2817 2120 2878 urbium.

770 2948 777 2954 ·
878 2913 1090 2976 Aenei
1115 2914 1194 2973 11.
1227 2913 1483 2977 formae

882 3011 1094 3075 Aenei
1131 3015 1243 3077 111.
1274 3012 1528 3078 formae
1550 3059 1567 3089 ,
1614 3014 1853 3078 citatur
1885 3014 2115 3078 unicus
2148 3035 2185 3077 a
2211 3014 2297 3078 cl.
2328 3014 2669 3079 Beauvais.

874 3111 1332 3192 Alexandrini,
1378 3128 1446 3179 et
1477 3115 1882 3179 coloniarum
1907 3114 2197 3180 nondum
2228 3115 2572 3201 comperti.

1258 3417 1336 3480 L.
1411 3418 1976 3481 AVRELJVS

408 3611 489 3676 1..
523 3606 837 3692 Ceionius
856 3597 1269 3692 ‚Commodus
1299 3625 1491 3677 natus
1521 3609 1787 3678 est'Ro·

293 3731 432 3776 mae
475 3726 669 3798 patre
700 3711 892 3775 Aelio
922 3713 1201 3777 Caesare
1251 3701 1463 3780 adhuc
1506 3717 1784 3801 privato,

295 3827 540 3892 matre,
602 3828 674 3877 ut
720 3812 793 3876 in
848 3814 978 3879 hoc
1031 3815 1344 3894 diximus,
1407 3816 1643 3880 incerti
1673 3838 1790 3880 no-

299 3914 526 3992 minis,
581 3931 753 3979 anno
793 3916 876 3984 V.
915 3918 990 3981 C.
1040 3915 1192 3992 883.
1234 3920 1314 3980 P.
1340 3920 1420 3980 X.
1478 3918 1652 3992 130..
1717 3931 1790 3979 ut

311 4036 391 4080 ex
425 4028 733 4102 tempore
769 4017 1135 4103 adoptionis
1153 4020 1427 4096 eruitur,
1474 4039 1605 4106 quo
1650 4038 1795 4103 sep·

298 4116 529 4182 timum
577 4118 711 4204 jam
759 4140 998 4182 annum
1048 4135 1389 4204 egressum
1441 4120 1639 4184 tradit
1675 4122 1794 4184 Ca-

298 4218 614 4301 pitolinus
656 4205 758 4298 1»)‚‘
824 4220 988 4283 Dies
1029 4220 1131 4282 illi
1183 4220 1416 4284 natalis
1465 4223 1611 4290 XV.
1661 4223 1795 4285 De-

303 4321 626 4398 cembris,
683 4341 818 4406 quo
855 4336 1045 4385 natus
1083 4336 1185 4385 est
1217 4325 1426 4397 Nero,
1472 4336 1542 4386 ut
1582 4323 1795 4387 refert

303 4417 478 4485 idem
512 4424 573 4505 θ)
590 4466 610 4501 ,
672 4435 743 4486 et
782 4423 852 4486 in
899 4443 1031 4509 quo
1074 4422 1184 4486 die
1223 4424 1554 4508 conspirat
1587 4425 1794 4510 ‘etiam

418 4708 586 4781 a).1..
619 4707 664 4770 1.
700 4728 748 4767 e.
770 4719 824 4773 2.
970 4708 1041 4784 b)
1077 4706 1141 4768 in
1171 4708 1335 4772 Vero
1368 4730 1418 4772 c.
1447 4723 1507 4774 2.

1654 4716 1717 4785 c)
1753 4711 1985 4776 Ibidem
2022 4734 2153 4797 cap.
2195 4729 2247 4778 ι.

2056 3418 2428 3486 VERRS.

1898 3614 2373 3678 Kalendarium
2431 3614 2794 3683 Lambecii.
2883 3617 3081 3684 Patre
3121 3616 3207 3683 ab
3254 3617 3390 3681 Ha·

1903 3716 2241 3785 driauo‘V.
2282 3718 2352 3779 C.
2394 3716 2542 3782 888.
2592 3718 2899 3804 adoptato
2955 3718 3023 3781 in
3070 3718 3387 3782 familiam

1903 3817 2155 3880 Aeliam
2234 3819 2585 3882 translatus
2669 3834 2804 3897 est,
2878 3819 3222 3906 dictusque
3310 3824 3389 3885 L.

1908 3923 2205 3998 Ceionius
2244 3923 2471 3982 Aelius
2517 3925 2820 3985 Aurelius
2873 3925 3240 3986 Commodus
3258 3965 3275 3996 ‚
3320 3934 3393 3985 et

1903 4021 2023 4082 illo
2062 4022 2143 4089 V.
2178 4021 2250 4084 C.
2299 4020 2417 4102 891
2477 4023 2796 4085 Kalendis
2862 4022 3176 4087 Ianuariis·
3210 4019 3393 4087 “mor-

1907 4135 2018 4185 tuo
2037 4122 2105 4183 in
2133 4119 2451 4185 Hadriani
2481 4123 2727 4186 familia
2752 4123 3064 4187 remansit
3094 4122 3182 4207 d).
3238 4127 3391 4189 Hoc

1906 4235 2099 4307 pacto
2152 4222 2468 4287 Hadriani
2510 4245 2633 4309 per
2681 4223 3101 4308 adoptionem
3157 4245 3390 4311 nepos,

1892 4345 2058 4388 cum
2102 4323 2159 4387 is
2193 4326 2416 4408 paullo
2461 4338 2611 4411 post
2649 4325 2826 4388 Aelii
2862 4339 3146 4390 mortem
3191 4329 3395 4392 Anto·

1906 4425 2134 4488 ninum
2153 4426 2280 4490 sibi
2299 4419 2671 4515 adoptasset
2688 4472 2707 4505 ,
2751 4426 2838 4491 ob
2869 4427 3072 4512 patris
3084 4429 3410 4498 meritum.

2393 4711 2464 4793 d)
2506 4720 2770 4801 Capitol.
2805 4720 2871 4780 in
2904 4719 3068 4788 Vero
3097 4745 3150 4788 c.
3175 4738 3233 4790 2.
