4475 5584
1067 429 1206 509 126

1070 613 1181 675 dei
1255 623 1589 695 stuporem
1654 626 1784 669 non
1848 602 2045 667 modo
2117 602 2386 688 longum
2449 624 2566 663 nu·

1078 732 1336 775 morum
1360 756 1377 787 ,
1433 708 1552 772 sed
1596 721 1894 771 veterum
1928 706 2122 769 etiam
2159 703 2566 766 testimonio·

1070 833 1219 875 rum
1253 830 1486 895 agmen
1508 808 1913 894 comprobat,
1952 804 2563 890 quoi-umillustrio·

1069 937 1142 975 ra
1196 912 1305 975 hic
1335 911 1629 974 conferta
1664 926 2034 992 proponere
2074 907 2159 968 ob
2208 906 2438 972 oculos
2463 905 2565 988 ju-

1071 1027 1216 1089 vat3
1294 1011 1377 1075 ad
1429 1031 1594 1097 quae
1642 1010 1708 1071 in
1742 1008 2284 1092 consequentium
2336 1026 2566 1072 numo·

1071 1137 1218 1178 rum
1254 1113 1694 1198 explicatione
1728 1107 2125 1194 provocabo.

1198 1218 1532 1278 Herculem
1555 1217 1934 1286 Romanum,
1973 1231 2102 1294 quo
2130 1208 2393 1272 nomine
2420 1205 2560 1271 cusi

1069 1315 1251 1378 numi
1295 1314 1378 1375 sd
1440 1334 1674 1375 annum
1750 1325 2131 1394 sequentem
2184 1323 2560 1386 occurrent,

1068 1416 1353 1499 primum
1407 1414 1649 1475 dictum
1695 1411 1898 1473 fuisse
1945 1426 2336 1496 propterea,
2382 1409 2561 1494 quod

1067 1516 1243 1596 feras
1280 1514 1555 1591 Lanuvii
1584 1513 1651 1574 in
1687 1512 2166 1596 amphitheatro
2184 1513 2559 1586 occidisset,

1072 1615 1288 1678 refert
1327 1613 1745 1698 Lampridius
1776 1618 1876 1693 ⁸),
1924 1626 1990 1674 et
2021 1613 2149 1674 Dio
2183 1610 2277 1694 ιΦ).
2346 1612 2418 1674 Si
2454 1631 2562 1673 ve·-

1069 1717 1322 1781 teribus
1352 1714 1516 1778 fides
1536 1760 1555 1791 ‚
1599 1735 1681 1777 eo
1713 1734 1866 1778 sane
1901 1713 2189 1789 nomine,
2235 1714 2293 1776 si
2325 1733 2563 1795 corpo·

1070 1821 1162 1881 ris
1207 1819 1387 1883 vires
1428 1830 1727 1900 spectes,
1781 1814 2088 1898 indignus
2134 1834 2268 1877 non
2297 1813 2564 1878 videba-

1073 1937 1218 1998 tur,
1274 1940 1421 1981 nam
1464 1930 1528 1979 et
1592 1915 2013 1997 elephantum
2062 1929 2260 1977 conto
2310 1913 2564 1977 transfi-

1072 2023 1205 2098 xit,
1273 2033 1343 2082 et
1403 2038 1535 2080 uno
1602 2016 1709 2077 die
1772 2029 2034 2082 centum
2086 2035 2276 2077 ursos
2330 2013 2564 2097 jaculis

1072 2120 1362 2187 confecit
1387 2163 1403 2196 ‚
1448 2117 1792 2200 fessusque
1825 2137 1956 2179 uno
1989 2115 2222 2177 haustu
2252 2112 2561 2199 poculum

1071 2246 1109 2286 a
1163 2220 1386 2307 puella
1437 2211 1851 2302 propinatum
1898 2216 2211 2292 absolvit,
2271 2235 2356 2276 ne
2401 2228 2565 2299 potu

1071 2323 1336 2410 quidem
1362 2366 1381 2397 ,
1461 2333 1528 2382 et
1602 2317 2139 2380 muliercularum
2230 2315 2565 2380 amoribus

1027 2422 1436 2489 -nerculem
1487 2418 1830 2483 inficiatus.
1898 2418 2345 2481 Pei-hibentur
2377 2415 2563 2490 haec,

1073 2544 1205 2609 quo
1240 2522 1453 2584 minus
1482 2520 1764 2584 dubitari
1813 2520 2055 2603 possit,
2119 2541 2154 2581 a
2201 2518 2420 2581 Dione
2457 2540 2568 2580 au-

1074 2639 1255 2708 topta
1286 2625 1347 2704 c)
1371 2667 1388 2696 ‚
1432 2636 1569 2685 tum
1596 2619 1972 2703 Lampridio
2007 2615 2097 2698 d).
2166 2619 2444 2680 Centum
2483 2616 2563 2680 ab

1077 2746 1158 2788 eo
1195 2726 1422 2786 leones
1453 2743 1585 2785 uno
1621 2722 1727 2784 die
1764 2721 2017 2782 occisos
2053 2733 2318 2783 narrant
2352 2723 2566 2783 Hero·

1074 2826 1303 2889 dianus
1326 2829 1420 2907 J),
1467 2837 1532 2886 et
1552 2822 1929 2884 Ammianus
1976 2817 2052 2899 f).
2093 2822 2378 2906 Propter
2398 2820 2563 2885 haec

1077 2947 1225 2991 cum
1278 2926 1446 2989 alter
1503 2924 1767 2987 Alcides
1827 2922 2220 3000 haberetur,
2300 2936 2368 2984 et
2422 2923 2563 3006 ipse

1081 3028 1214 3093 dici
1266 3025 1511 3101 vellet,
1557 3023 1867 3088 continuo
1897 3036 2289 3107 properatus
2333 3036 2567 3085 statua-

1076 3151 1221 3193 rum
1250 3128 1531 3213 populus
1551 3170 1568 3200 ‚
1616 3144 1782 3209 quae
1810 3121 2241 3186 Commodum
2283 3124 2425 3210 ejus
2457 3122 2569 3186 dei

970 3269 979 3280 -
1075 3231 1302 3292 habitu
1324 3236 1795 3313 proponerent,
1840 3237 1905 3285 et
1930 3244 2084 3287 mox
2112 3225 2234 3300 illi,
2280 3238 2354 3287 ut
2379 3243 2568 3309 prae·

1078 3332 1246 3393 senti
1266 3329 1415 3404 deo,
1450 3326 1851 3388 immolatum
1887 3326 1970 3404 s).
2029 3325 2175 3407 lpse
2210 3346 2369 3388 vero
2398 3325 2565 3389 adeo

1080 3430 1206 3493 sibi
1244 3450 1441 3493 verus
1488 3440 1585 3488 est
1621 3426 1948 3487 Hercules
1983 3426 2196 3500 visus,
2242 3440 2355 3503 ut,
2413 3448 2565 3491 cum

1079 3529 1399 3617 prodiret,
1445 3527 1657 3590 leonis
1694 3525 1980 3601 exuvias,
2025 3540 2094 3589 et
2127 3527 2376 3591 clavam
2414 3544 2564 3592 ante

1081 3655 1151 3696 se
1202 3630 1445 3718 gestari
1511 3627 1929 3712 praeciperet
1955 3622 2042 3708 ¹²).
2120 3630 2210 3696 Vt
2270 3649 2430 3692 vero
2500 3643 2570 3693 et

1078 3732 1434 3797 Herculem
1471 3729 1855 3814 perdomitis
1888 3729 2196 3792 monstris
2218 3775 2235 3805 ‚
2273 3752 2441 3816 quae
2475 3729 2570 3794 fa-

1081 3835 1313 3898 bulosa
1360 3832 1560 3915 vulgo
1626 3831 1874 3894 credita
1936 3844 2120 3904 sunt,
2176 3831 2565 3908 imitaretur,

1080 3936 1380 4000 homines
1429 3934 1616 3997 vivos
1662 3930 1892 4016 pannis
1939 3945 2006 3994 et
2045 3932 2267 3996 linteis
2316 3935 2568 3999 insutos

1084 4040 1151 4100 in
1193 4039 1527 4122 gigantum
1574 4032 1844 4098 modum
1886 4032 2228 4112 formavit,
2293 4050 2360 4099 et
2393 4036 2570 4120 jacu-

1079 4140 1165 4203 lis
1202 4139 1487 4203 consecit
1534 4133 1606 4218 i).
1650 4139 1740 4199 Et
1772 4154 1921 4198 cum
1941 4157 2169 4202 rumor
2202 4137 2572 4202 increbres-

1085 4256 1300 4315 ceret,
1405 4238 1706 4301 statuisse
1768 4237 2235 4321 imperatorem
2320 4242 2571 4322 sagittis

2242 416 2954 497 COMMODVS·

2673 605 3026 670 nonnullos
3046 600 3398 679 conficere,
3429 602 3603 667 velut
3623 595 3945 667 Hercules
3960 625 4144 688 quon·

2677 707 2824 771 dam
2849 703 3328 791 Stymphalidas
3352 749 3370 779 ,
3415 702 3656 768 factum
3677 747 3695 777 ,
3758 716 3831 766 ut
3862 703 4143 789 plerique

2676 829 2760 872 ne
2815 806 3092 870 introire
3142 803 3407 888 quidem
3485 804 3550 867 in
3615 805 4146 889 amphitheatrum

2677 909 2998 973 auderent
3026 904 3114 989 Β).
3179 908 3266 968 Et
3302 905 3473 968 sacta
3505 905 3666 969 haec
3704 905 3776 966 in
3811 905 4012 968 oculis
4042 925 4150 989 po-

2674 1010 2853 1096 puli,
2888 1009 3182 1094 patribus
3197 1026 3319 1089 per
3353 1003 3599 1068 metum
3621 1005 4149 1070 acclamantibus:

2666 1114 2917 1192 primus
2961 1131 3067 1187 es,
3121 1111 3546 1190 felicissimus
3591 1128 3694 1182 es,
3730 1111 3967 1183 vincis,
4026 1109 4154 1168 vin·

2674 1233 2815 1286 ces,
2859 1230 3027 1274 unus
3063 1212 3149 1272 ab
3196 1212 3373 1272 omni
3403 1211 3747 1283 memoria,
3788 1212 4153 1281 Amazonio,

2675 1315 2901 1375 vincis.
2992 1309 3095 1373 Ad
3146 1323 3394 1373 tantum
3453 1307 3759 1372 infamiae
3823 1309 4156 1393 prolapsus

2675 1413 2885 1477 Marci
2954 1410 3165 1487 filius,
3239 1430 3321 1472 eo
3378 1405 3684 1474 redactus
3748 1410 4159 1495 gravissimus

2676 1529 2934 1599 patrum
2980 1536 3348 1579 consessus.
3412 1511 3612 1610 Quod
3657 1526 3956 1595 poterat,
3999 1524 4156 1592 saty-

2677 1616 2770 1677 ris
2807 1636 2950 1678 eam
2980 1615 3452 1700 turpitudinem
3485 1614 3694 1675 ultum
3725 1615 3842 1677 ivit
3868 1611 4160 1698 populus.

2676 1718 2777 1777 En
2827 1716 3019 1799 hujus
3048 1716 3311 1802 generis
3342 1713 3739 1795 diasyrticon
3786 1735 3922 1777 non
3958 1712 4159 1795 illepi-

2680 1817 2834 1880 dum
2870 1838 2951 1881 ex
2988 1815 3370 1901 Lampridio
3415 1811 3505 1896 ¹)=

2768 2005 3136 2068 Commodus
3165 2004 3543 2064 Herculeum
3593 2018 3822 2065 nomen
3854 2002 4083 2064 habere

3563 2081 3588 2106 ⁸
3675 2104 3889 2182 cupit,

2763 2208 3234 2274 Antonittorum
3269 2224 3399 2266 nou
3417 2211 3611 2283 putat
3631 2221 3770 2263 esse
3806 2203 4062 2263 bonum.

2657 2333 2684 2352 ·
2764 2311 3016 2387 Expers
3036 2308 3304 2367 humaui
3314 2307 3496 2399 suris
3530 2313 3596 2366 st
3629 2306 3907 2379 imperii,

2766 2410 3052 2488 Sperans
3088 2410 3246 2490 quin
3286 2409 3483 2469 etiam
3510 2405 3753 2465 clarius
3794 2423 3938 2466 esse
3973 2408 4170 2474 deum
4253 2455 4268 2472 ,

2768 2512 2972 2585 Quam
3005 2509 3067 2568 si
3087 2510 3181 2568 sit
3196 2511 3495 2586 princeps
3526 2506 3808 2567 nominis
3832 2507 4101 2585 eye-cyfi,

2767 2615 2915 2673 Non
2929 2612 3054 2671 erit
3070 2612 3192 2671 iste
3208 2612 3383 2681 deus,
3421 2626 3537 2668 nec
3552 2615 3764 2692 tamen
3781 2608 3961 2667 ullus
3977 2607 4178 2667 homo.

2680 2797 2834 2859 Fuit
2869 2807 3083 2856 tamen
3118 2803 3460 2875 repertus,
3506 2788 3616 2875 qui
3658 2787 3836 2851 hunc
3876 2788 4024 2869 ejus
4059 2800 4184 2847 stu·

2681 2915 2914 2980 porem
2973 2891 3271 2956 nonnihil
3321 2892 3673 2974 mitigaret.
3743 2894 3926 2968 Quid
3988 2892 4183 2968 ἐρίων

2682 3002 2950 3070 mirum,
2994 2994 3599 3078 inquitAthenaeus
3629 2994 3711 3072 ω)
3742 3035 3758 3066 ,
3806 2995 3874 3053 εἰ
3902 2994 4190 3053 Commo·-

2680 3104 2801 3162 dus
2816 3103 3159 3175 imperator
3174 3098 3353 3173 apud
3377 3115 3492 3155 uos
3512 3098 3583 3155 in
3609 3115 3798 3158 curru
3813 3094 4181 3173 appositam

2679 3203 2906 3264 habuit
2935 3201 3189 3260 clavam
3220 3198 3600 3274 Hercugeam
3660 3196 3997 3256 substrata
4050 3193 4177 3269 s'pss’

2679 3305 2883 3366 leoeeis
2894 3301 3092 3379 pelle,
3139 3306 3205 3358 et
3238 3298 3572 3357 Herculem
3597 3299 3822 3358 vocari
3853 3315 3929 3356 sc
3959 3295 4186 3362 voluit,

2680 3425 2823 3466 cum
2864 3400 3237 3464 Alexander
3270 3398 3643 3458 Aristotelis
3668 3399 4047 3475 praeceptis
4080 3398 4193 3454 im·-

2682 3508 2867 3568 butus
2913 3523 2983 3565 se
3035 3504 3244 3582 ipsum
3305 3500 3442 3559 illis
3500 3502 3631 3560 diis
3675 3498 4189 3566 act-similaverit,

2683 3617 2873 3690 atque
2904 3605 3064 3664 adeo
3096 3604 3294 3664 etiam
3325 3603 3600 3663 Dianae.
3912 3622 3916 3625 ’

3407 3735 3447 3774 3

3571 3777 3612 3817 ff

3241 3781 3282 3821 ff

2974 3841 3061 3900 Vt
3098 3843 3194 3904 lie.
3229 3844 3309 3901 D.

2682 3935 2971 4002 VOTIS.
2992 3938 3472 4007 FELICIBVS.
3521 3942 3814 4023 Quinque
3841 3959 4058 4008 naues
4077 3950 4200 4001 etc.

2684 4038 2826 4102 ΑΕ.
2874 4062 3041 4102 max.
3075 4042 3250 4104 mod.
3300 4043 3499 4120 (Mus.
3534 4039 3827 4119 Albani.)
4063 4109 4086 4126 j

2814 4138 2982 4206 Vide
3037 4140 3123 4204 de
3160 4142 3374 4205 numis
3428 4140 3750 4202 similibus
3808 4141 4056 4225 paullo
4107 4140 4204 4201 in·

2688 4240 2809 4305 fra.

1192 4438 1252 4503 a)
1296 4433 1442 4507 Cap.
1475 4438 1529 4491 8.
1725 4425 1793 4498 b)
1833 4426 1896 4481 L.
1936 4425 2168 4485 Lxxn.
2210 4434 2260 4501 ξ.
2301 4438 2387 4491 15.
2583 4433 2642 4503 c)
2686 4431 2750 4490 L.
2786 4453 2837 4488 c.
2867 4433 2915 4504 §.
2947 4441 3032 4493 18.
3065 4444 3151 4505 19.
3348 4430 3416 4504 d)
3458 4432 3604 4508 Cap.
3634 4443 3720 4493 12.
3753 4441 3846 4496 13.
4041 4435 4106 4506 e)
4144 4432 4208 4489 in

1089 4518 1436 4581 Commodo.
1616 4515 1671 4589 s)
1710 4515 1776 4570 L.
1792 4514 2010 4572 xxxl.
2052 4536 2103 4575 c.
2133 4528 2220 4577 10.
2416 4521 2483 4594 g>
2515 4519 2816 4598 Lamprid.
2856 4540 2987 4598 cap.
3015 4534 3068 4594 9.
3125 4519 3257 4578 Dio.
3288 4518 3326 4576 Ι.
3363 4540 3410 4578 c.
3444 4525 3497 4595 §.
3528 4531 3615 4584 15.
3797 4518 3879 4594 h)
3917 4522 4044 4582 Dio
4082 4522 4126 4584 l.
4156 4542 4207 4581 c·

1085 4620 1133 4688 ξ.
1165 4626 1250 4676 17.
1298 4604 1617 4665 Herodian.
1656 4605 1720 4661 L.
1758 4604 1803 4664 I.
1837 4624 1887 4661 c.
1921 4610 2007 4665 14.
2168 4605 2217 4679 i)
2259 4605 2561 4685 Lamprid.
2593 4628 2723 4689 cap.
2761 4624 2813 4685 9.
2853 4609 2967 4669 Dio
2997 4610 3039 4667 l.
3062 4630 3112 4673 c.
3148 4613 3203 4683 §.
3244 4621 3333 4670 20.
3483 4612 3552 4685 k)
3592 4610 3707 4671 Dio
3736 4609 3776 4668 l.
3808 4630 3865 4668 c.
4047 4613 4101 4687 1)
4144 4614 4205 4669 in

1094 4700 1371 4761 Diadum.
1515 4699 1603 4769 m)
1642 4694 1705 4752 L.
1737 4694 1867 4753 XII.
1906 4716 1965 4773 p.
2005 4703 2132 4760 532.
