4475 5584
932 414 2591 548 M.·AVREL1vs·ANTON1NVS.
2721 458 2792 483 ·“
3333 495 3422 556 55
3510 580 3528 591 ο

325 648 618 712 animum
638 637 879 712 fortius
907 650 1254 736 inipulere,
1300 654 1438 718 sive
1475 653 1652 739 quod
1678 674 1827 717 cau·

320 771 393 813 sa
422 751 594 835 reip.
632 770 909 815 necesse
947 754 1154 815 visum
1177 798 1194 830 ,
1239 755 1614 836 plusculum
1651 775 1826 818 com-

324 852 503 914 muni
532 872 764 914 eorum
816 867 1186 937 temporum
1235 857 1455 920 sensui
1508 856 1824 931 tribuere,

321 953 463 1017 sive
530 950 818 1036 denique
869 955 1049 1040 quod
1104 959 1340 1021 summi
1407 958 1605 1020 etiam
1674 956 1824 1031 vim',

324 1074 410 1116 ex
440 1075 574 1139 quo
632 1075 703 1118 se
733 1055 1032 1120 homines
1068 1059 1359 1134 norint,‘
1390 1059 1666 1145 aliquam
1716 1058 1831 1119 ha-

324 1156 486 1219 bent
573 1155 917 1221 admistam
974 1159 1352 1223 dementiae
1416 1158 1825 1243 particulam,

325 1278 461 1320 non
495 1259 600 1322 illi
629 1281 751 1322 nos
797 1274 1152 1343 propterea
1199 1259 1585 1347 negabimus
1616 1257 1830 1344 philo·

325 1359 523 1442 sophi
556 1380 823 1421 nomem
845 1403 863 1435 ,
907 1361 1036 1423 nisi
1070 1362 1237 1425 illud
1269 1380 1517 1447 negare
1565 1378 1828 1445 quoque

322 1459 611 1522 velimus
650 1461 899 1523 Iustino
934 1463 1205 1545 martyri
1235 1463 1437 1546 longo
1471 1462 1571 1525 illi
1608 1481 1832 1524 saecu-

321 1561 549 1624 lorum
597 1552 723 1625 usu
770 1563 1121 1641 tributum,
1181 1564 1332 1649 quia
1378 1583 1496 1626 suo
1544 1562 1613 1623 in
1645 1560 1832 1625 chri-

324 1664 536 1727 stiana
613 1671 799 1727 sacra
861 1664 1129 1728 adfectu
1204 1665 1466 1750 longius
1521 1666 1874 1747 abreptus⁴

322 1763 729 1829 carminibus
764 1765 1129 1847 Sibyllinis,
1182 1766 1470 1828 Simonis
1501 1765 1676 1849 magi
1714 1765 1834 1826 mi·

320 1868 594 1943 raculo,
640 1868 855 1942 Lxx„
888 1867 1324 1951 interpretum
1363 1866 1641 1949 jactatae
1677 1886 1831 1929 con-

323 1965 629 2044 cordiae,
676 1987 887 2052 regno
925 1967 1320 2044 millenario,
1373 1970 1829 2053 malorumque

326 2069 726 2133 daemonum
779 2069 1123 2154 perpetuis
1186 2069 1569 2133 occursibus
1642 2089 1831 2153 prae·-

320 2169 568 2253 liisque
611 2167 809 2233 fidem
858 2168 1120 2247 habuit,
1163 2186 1235 2234 ut
1284 2187 1694 2256 praeteream
1732 2183 1831 2233 tot

318 2269 505 2335 viros
556 2271 759 2348 alios,
818 2293 986 2355 quos
1045 2273 1329 2337 maxime
1388 2271 1823 2357 philosophos

319 2386 435 2434 aut
494 2386 716 2448 vetus,
797 2386 909 2436 aut
965 2373 1301 2437 recentius
1354 2394 1588 2438 aevum
1645 2372 1822 2437 cele·

315 2474 495 2538 brat.
1746 2546 1751 2551 ἱ

451 2580 555 2638 An
609 2596 768 2637 vero
804 2572 927 2637 hac
973 2589 1197 2638 nostra
1234 2590 1478 2652 aetate,
1512 2568 1649 2660 ¹qua
1681 2576 1825 2660 phi-

317 2676 666 2761 losophiae
717 2697 963 2739 nomen
993 2678 1281 2740 omnium
1315 2697 1434 2740 ore
1470 2698 1546 2741 ac
1578 2696 1826 2740 sermo·

316 2779 521 2841 nibus
565 2777 1063 2855 circumfertur,
1121 2773 1469 2842 meliorem
1515 2799 1659 2842 esse
1708 2800 1828 2863 pu·

316 2894 539 2944 tamus
587 2879 847 2944 (lisinae
890 2880 1031 2964 ejus
1067 2881 1419 2982 scientiae,
1466 2880 1631 2966 quae
1684 2885 1824 2949 sola

321 2996 429 3047 cst
482 2986 754 3058 mentis,
820 2983 1222 3067 rationisque
1273 2981 1589 3048 humanae
1624 2987 1828 3072 magi·

320 3105 490 3161 stra,
535 3084 1029 3148 conditionem?
1070 3088 1222 3147 Non
1259 3086 1620 3149 verisimile
1653 3087 1827 3150 istud

316 3187 568 3265 modo,
613 3188 733 3252 sed
790 3187 987 3271 plane
1031 3189 1474 3251 necessarium
1504 3188 1825 3267 videatur,

320 3304 632 3353 nostrum
691 3308 927 3352 aevum
982 3308 1139 3372 prae
1185 3300 1413 3354 vetere
1463 3289 1583 3351 illo
1642 3305 1826 3354 recte

322 3390 661 3456 sentiendi
705 3389 1171 3476 judicandique
1232 3389 1544 3455 facultate
1611 3393 1828 3455 excel·

314 3497 507 3570 lere,
553 3494 660 3557 cui
704 3514 843 3556 non
897 3494 1239 3557 vetustatis
1281 3493 1516 3571 modo,
1578 3494 1696 3556 sed
1733 3514 1834 3556 se·

322 3596 676 3681 quentium
738 3596 939 3658 etiam
1013 3610 1384 3681 temporum
1479 3609 1833 3681 suppetunt

318 3697 665 3781 exempla,
710 3697 821 3761 cui
862 3697 1100 3760 artium
1149 3698 1438 3761 omnium
1482 3697 1831 3782 perfectio,

318 3799 647 3863 historiae
692 3799 1009 3883 naturalis
1066 3801 1277 3885 multo
1338 3799 1681 3863 liberalior
1724 3821 1833 3863 co-

320 3902 576 3987 gnitio,
641 3900 855 3985 aperti
922 3921 1069 3964 cum
1125 3901 1581 3967 remotissimis
1626 3902 1834 3984 genti-

318 4003 455 4066 bus
511 4015 956 4077 commeatus,
1014 4016 1083 4066 et
1122 4003 1192 4066 id
1242 4024 1448 4087 genus
1494 4002 1657 4079 alia,
1704 4025 1835 4065 am·

316 4105 631 4191 piissima
673 4103 756 4166 ad
794 4104 1043 4188 ingenii
1085 4104 1445 4191 judiciique
1487 4082 1832 4185 cu'lturam,

319 4205 835 4290 mendumque
910 4225 1142 4270 verum
1197 4209 1477 4271 attulere
1525 4206 1832 4270 subsidia.

311 4314 549 4396 Atque
605 4307 728 4370 hae
770 4318 988 4371 tantae
1033 4309 1554 4393 opportunitates
1605 4329 1689 4372 an
1738 4330 1835 4372 sa-

313 4410 409 4475 tis
502 4408 720 4472 adhuc
802 4411 886 4476 ad
965 4410 1318 4496 parandam
1396 4411 1851 4499 tuendamque?

312 4510 571 4577 mentis
629 4510 973 4583 sanitatem
1018 4512 1383 4597 profuere?
1436 4535 1571 4577 non
1604 4513 1834 4579 hercle

306 4612 501 4700 apud
557 4634 678 4677 eos
699 4658 717 4690 ,
763 4634 1044 4700 quorum
1099 4614 1332 4677 infelix
1372 4634 1648 4678 examen
1677 4616 1833 4679 inde

306 4716 399 4782 ab
446 4713 710 4804 aliquot
761 4714 949 4781 annis
1004 4716 1334 4801 pullulare
1369 4717 1831 4803 conspicimus,
1866 4734 1877 4749 ·

1939 650 2053 737 qui
2114 672 2251 717 non
2321 655 2614 717 contenti
2687 653 3000 719 remediis
3060 654 3429 731 ordinariis,

1939 774 2105 838 quae
2164 767 2395 818 auctor
2452 756 2716 840 generis
2778 757 3044 819 humani
3108 756 3190 819 ad
3231 757 3433 820 vitam

1942 867 2127 916 recte
2207 855 2530 941 beateque
2605 857 2927 940 agendam
2982 857 3429 942 praescripsit,

1943 956 2143 1018 alium
2174 955 2407 1018 orbem
2436 969 2621 1019 extra
2662 977 2887 1019 rerum
2930 972 3223 1021 naturam
3262 960 3438 1042 posi·

1943 1069 2081 1117 tum
2136 1054 2460 1119 rimantur
2512 1070 2580 1118 et
2631 1057 3015 1139 explorant,
3081 1080 3304 1122 manes
3353 1059 3435 1121 ab

1942 1156 2177 1218 inferis
2215 1169 2534 1232 evocant,
2609 1157 2895 1220 animum
2944 1159 3222 1223 admotis
3283 1181 3440 1225 con-

1944 1269 2153 1319 tactus
2200 1256 2586 1334 lenociniis,
2644 1272 2712 1320 et
2757 1260 3081 1324 medicato
3122 1246 3353 1327 somno
3400 1287 3441 1327 a

1902 1377 2228 1441 *corpore
2310 1357 2640 1435 avellunt,
2723 1379 2951 1423 omnes
3028 1364 3437 1449 praestigias,

1944 1458 2610 1541 mysteria,‘arcanae
2647 1460 2905 1523 virtutis
2959 1462 3229 1539 modos,
3274 1486 3439 1550 quos

1945 1558 2363 1625 fraudulenta
2384 1602 2402 1633 ‚
2448 1570 2559 1620 aut
2593 1560 2834 1623 cerrita
2867 1562 3129 1647 ingenia
3164 1565 3231 1626 in
3263 1586 3443 1630 com-

1947 1659 2304 1723 mentarios
2340 1660 2655 1737 retulere,
2688 1661 2987 1749 ⁴solerter
3021 1665 3438 1751 investigant,

1948 1783 2030 1825 ex
2048 1783 2332 1846 quorum
2370 1762 2659 1823 omnium
2696 1762 2991 1825 consiliis
3041 1767 3440 1853 monitisque

1949 1878 2262 1948 caperent
2325 1863 2827 1947 praescientiam
2902 1864 3141 1943 futuri,
3231 1882 3444 1931 artem

1944 1963 2346 2049 reparandae
2382 1964 2771 2029 valetudinis
2796 2009 2813 2041 ‚
2854 1981 2967 2029 aut
3020 1968 3120 2031 rei
3165 1969 3442 2031 familia·

1942 2067 2070 2142 ris,
2118 2080 2187 2129 et
2229 2086 2657 2153 quaecunque
2699 2087 2896 2130 nosse
2934 2069 3288 2132 inconsulti
3323 2070 3442 2142 ho·⁸

1946 2169 2192 2255 minum
2237 2168 2436 2249 animi
2475 2191 2594 2231 sua
2637 2169 2959 2233 interesse
3013 2184 3265 2253 putant.
3337 2172 3441 2233 An

1938 2269 2115 2333 istud
2171 2275 2406 2355 sa'pere
2467 2283 2606 2347 est,
2668 2293 2743 2336 ac
2786 2293 2919 2334 non
2978 2272 3195 2355 potius
3243 2294 3441 2356 supra

1938 2392 2131 2458 quam
2187 2371 2373 2434 credi
2429 2385 2686 2456 potest,
2746 2373 3066 2448 insanire,
3128 2395 3204 2436 ac
3258 2374 3442 2438 laho-

1941 2496 2092 2539 rare
2155 2474 2429 2550 morbo,
2507 2495 2702 2558 quem
2779 2487 2918 2538 tota
2976 2475 3440 2559 Anticyrarum

1940 2577 2182 2641 horrea
2228 2598 2363 2640 non
2429 2576 2800 2645 sanabunt?
2894 2576 3071 2673 Quid
3145 2581 3439 2664 prodest,

1938 2680 2268 2743 nascentis
2339 2677 2797 2763 philosophiae
2871 2700 2999 2763 ope
3095 2680 3438 2766 exemptbs

1940 2780 2203 2845 tandem
2274 2801 2356 2842 ex
2434 2769 2782 2843 hominum‘
2843 2782 3074 2844 animis
3137 2782 3443 2867 gravissi-

1943 2904 2085 2946 mos
2125 2880 2423 2957 errores,
2474 2879 2727 2943 sublata
2753 2880 3000 2963 judicia
3037 2903 3160 2966 per
3213 2883 3439 2968 ignem

1944 2999 2012 3047 et
2041 3005 2296 3069 aquam,
2329 2995 2705 3066 contempta
2732 2983 3093 3070 sortilegia,
3129 2998 3197 3048 et
3229 2988 3440 3048 astro-

1942 3108 2091 3150 rum
2138 3087 2202 3148 in
2235 3099 2490 3146 mentes
2541 3084 2852 3147 humanas
2887 3086 3109 3170 gravia
3140 3087 3438 3170 imperia,

1944 3188 2302 3251 exstinctos
2357 3207 2658 3271 sagarum
2704 3206 2943 3270 rogos.
2991 3185 3290 3273 demptos
3346 3193 3443 3251 in·-

1945 3310 2099 3353 anes
2179 3303 2434 3364 metus,
2515 3307 2680 3372 quos
2753 3287 3043 3352 creditae
3112 3291 3442 3355 lemurum

1947 3393 2408 3476 larvarumque
2445 3385 2814 3468 ἑπιφανειαι,
2862 3405 2928 3453 et
2960 3394 3266 3456 nocturni
3296 3396 3444 3457 stri·

1950 3494 2128 3578 gium
2203 3492 2516 3557 circuitus
2565 3492 3088 3583 ingenerabant,
3143 3510 3210 3558 et
3260 3518 3446 3580 quas·

1948 3614 2206 3680 cunque
2285 3595 2442 3657 alias
2515 3593 2807 3658 fallacias
2905 3598 3444 3678 praecedentium

1948 3697 2361 3760 saeculorum
2415 3694 2638 3781 caligo
2696 3697 2983 3772 invexit,
3048 3698 3102 3759 si
3146 3699 3442 3762 eIusdem

1947 3812 2218 3861 naturae
2255 3810 2545 3861 monstra
2589 3798 2748 3874 alia,
2793 3818 2871 3862 ac
2888 3797 3230 3882 prioribus
3277 3802 3445 3861 mul-

1947 3913 2016 3961 to
2048 3896 2499 3983 pestilentiora
2525 3924 2532 3929 ·
2558 3899 2628 3961 in
2679 3897 3015 3963 hominum
3059 3899 3442 3965 societatem

1951 4000 2400 4063 admittuntur.

2076 4104 2163 4166 At
2206 4120 2516 4186 quorsum
2558 4122 2684 4186 ego
2719 4102 2840 4164 ista
2871 4102 3153 4186 disputo,
3198 4104 3441 4188 quippe

1950 4204 2030 4267 ab
2066 4204 2363 4267 instituto
2409 4221 2558 4264 meo
2614 4200 2876 4264 aliena?
2928 4201 3112 4287 quasi
3163 4225 3319 4268 vero
3366 4226 3440 4269 ea

1951 4306 2295 4391 contagio,
2356 4323 2524 4388 quae
2560 4303 2717 4365 alias
2764 4304 3114 4390 plerasque
3158 4304 3446 4390 di'scipli·

1949 4430 2064 4472 nas
2140 4409 2477 4493 corrupit,
2557 4407 2657 4469 rei
2717 4419 2979 4469 nostrae
3041 4407 3439 4492 antiquariae

1948 4511 2377 4596 pepercisset.
2454 4511 2619 4606 Quis
2671 4508 2843 4571 enim
2898 4507 3158 4592 ignorat
3201 4531 3443 4575 novum
3529 4504 3539 4511 ⁴

1950 4614 2286 4677 hominum
2341 4632 2580 4697 genus,
2643 4611 2756 4697 qui
2806 4624 3225 4676 monumenta
3265 4608 3446 4675 ve‘te·

1950 4737 2096 4780 rum
2140 4737 2274 4781 non
2320 4704 2515 4780 seusu
2551 4714 2919 4791 communi,
2978 4715 3299 4802 intelligo,
3349 4730 3446 4782 te·
