4475 5584
1091 492 1242 572 noo
1952 474 2598 550 PmNcn‘Es

1103 657 1282 723 biam
1334 655 1573 722 dictam
1621 657 1824 722 fuisse
1881 658 2304 745 Septimium,
2362 672 2438 724 ut
2484 658 2599 724 do·

1100 775 1257 825 cent
1286 761 1506 838 numi,
1551 760 1634 823 de
1673 760 1855 840 cujus
1887 760 2170 823 nominis
2217 781 2409 826 causa
2446 782 2598 827 con·

1097 861 1388 944 iecturas
1430 862 1783 926 admodum
1815 864 2002 928 leves
2034 865 2458 928 contulerunt
2489 886 2599 929 an·

1089 964 1382 1047 tiquarii.
1476 965 1838 1030 Enimvero
1892 967 2232 1049 praeclare
2299 987 2380 1030 ex
2431 987 2597 1030 mar·

1103 1063 1394 1128 moribus
1447 1066 1686 1152 probat
1736 1068 2225 1147 Renaudotius,
2297 1068 2599 1153 Septimii

1095 1186 1339 1230 nemen
1392 1169 1563 1251 apud
1611 1169 2042 1251 Palmyrenos
2093 1169 2368 1252 multum
2420 1171 2598 1236 valu-

1094 1269 1250 1333 isse.
1327 1269 1440 1333 111.
1486 1268 1818 1334 Odenatbi
1867 1264 2131 1357 quoqne
2177 1287 2431 1354 patrem
2470 1274 2597 1336 Ae·

1091 1391 1362 1449 ranem,
1426 1393 1616 1436 avum
1654 1371 2111 1440 Vaballathum
2156 1374 2397 1456 prodit.
2490 1375 2596 1437 Ex

1096 1474 1203 1539 avi
1236 1473 1478 1537 deinde
1522 1476 1790 1539 nomine
1835 1472 2013 1537 filius
2066 1495 2329 1560 quoque
2384 1475 2596 1541 dictus

1095 1576 1612 1654 Vaballathus‚ae
1646 1575 1830 1659 cujus
1905 1575 2212 1660 copiosos
2272 1578 2635 1653 babemus,

1092 1699 1352 1743 numos.

1215 1779 1660 1846 SEPTIMIA
1736 1783 2168 1859 ΖΕΝΟΒΙΑ,
2258 1779 2592 1846 Odenathi

1097 1866 1267 1947 uxor
1311 1881 1574 1958 alteras
1613 1903 1652 1944 a
1696 1880 2080 1967 Cleopatra,
2162 1883 2319 1967 quin
2364 1900 2433 1949 et
2478 1885 2596 1947 Di·

1096 1983 1273 2048 done
1319 1997 1386 2048 et
1423 1983 1861 2047 Semiramide
1914 1984 2161 2047 ducere
2200 1983 2411 2072 genus
2451 2005 2593 2050 cre·

1101 2085 1239 2150 dita
1269 2089 1360 2164 ⁸),
1401 2085 1688 2167 ingentis
1724 2086 2024 2169 spiritns,
2068 2105 2142 2149 ac
2184 2087 2448 2150 consilii
2481 2110 2595 2151 sn·

1091 2209 1216 2272 pra
1270 2185 1623 2262 feminam,
1685 2186 2025 2252 literarum
2088 2188 2285 2257 etiam
2361 2190 2592 2255 studiis

1094 2291 1397 2382 impense
1442 2288 1710 2366 dedita,
1763 2285 2200 2376 praeceptore
2262 2312 2378 2355 usa
2418 2294 2594 2356 Lon·

979 2423 986 2430 ·
1095 2391 1278 2478 gino,
1331 2391 1512 2476 cujus
1532 2393 1859 2476 insignem
1884 2413 2015 2474 περι
2041 2389 2236 2472 ὕψους
2266 2415 2594 2458 commen-

1091 2496 1329 2592 tarium
1368 2508 1544 2557 tanto
1587 2495 1792 2579 magis
1826 2496 2183 2575 miramur,
2230 2497 2409 2586 qnod
2458 2513 2594 2561 tan·

1093 2614 1235 2663 tum
1285 2595 1621 2680 ingenium
1669 2596 1916 2662 inculta
1968 2599 2131 2664 baec
2191 2614 2370 2664 aetas
2421 2601 2591 2666 tulit.

1090 2685 1312 2764 Caeso
1379 2699 1615 2760 marito
1668 2697 1954 2762 filiorum
2008 2701 2275 2764 nomine
2324 2700 2595 2766 admini-

1095 2786 1330 2866 stravit
1358 2799 1704 2883 imperium
1727 2846 1746 2879 ,
1793 2816 1861 2864 et
1891 2799 2179 2866 Gallieni
2213 2817 2483 2889 stupore
2523 2805 2593 2869 in

1094 2887 1255 2967 rem·
1276 2923 1454 2966 snam
1485 2925 1595 2966 usa
1617 2901 1973 2984 majoribus
2008 2926 2081 2970 se
2118 2906 2328 2990 copiis
2352 2905 2594 2972 instru-

1095 3004 1230 3094 μὴ,
1276 3016 1343 3068 et
1373 3005 1712 3072 attentavit
1752 3007 2120 3090 provincias
2155 3009 2423 3095 imperii
2463 3010 2595 3073 Ro·

1090 3105 1271 3170 mani
1320 3126 1405 3170 ne
1442 3107 1677 3172 marito
1721 3108 1985 3193 quidem
2024 3132 2063 3173 a
2095 3108 2403 3174 Gallieno
2439 3129 2595 3174 con-

1090 3227 1345 3298 cessas,
1392 3211 1787 3280 connivente
1820 3210 1903 3276 ad
1933 3212 2095 3276 haec
2128 3211 2271 3295 ipso
2292 3212 2588 3292 Claudio,

1090 3308 1515 3393 propioribus
1553 3333 1678 3396 per
1710 3312 2145 3378 Occidentem
2179 3314 2356 3378 curis
2400 3336 2593 3379 occu-

1091 3423 1271 3496 pate.
1354 3410 1435 3473 Si
1478 3413 1746 3492 zosime
1789 3414 1991 3492 fides,
2053 3416 2180 3480 hoc
2222 3416 2591 3499 imperante

1089 3510 1329 3578 invasit
1363 3513 1772 3598 Aegyptum,
1835 3515 2142 3600 variaque
2167 3538 2293 3580 ,usa
2329 3518 2591 3586 fortuna

1092 3632 1238 3700 eam
1278 3611 1735 3705 sibi-denique
1766 3615 2074 3679 adseruit.
2157 3617 2301 3679 Sed
2341 3602 2593 3683 'oratio-

1092 3714 1194 3780 nis
1265 3712 1466 3779 iidem
1539 3716 1808 3800 elevant
1877 3718 2099 3799 numi3
2172 3740 2322 3782 nam
2404 3720 2592 3788 Clau-

1093 3817 1277 3903 dium
1320 3815 1400 3881 ab
1443 3816 1908 3883 Alexandrinis
1957 3809 2334 3883 constanter
2387 3820 2590 3886 fuisse

1090 3921 1385 4004 agnitum
1427 3918 1894 4004 imperatorem
1937 3920 2173 3987 borum
2225 3922 2407 3985 numi
2452 3937 2591 3987 toto

1090 4025 1234 4108 ejus
1308 4024 1572 4111 imperii
1643 4013 1980 4110 tempore,
2066 4043 2140 4088 ac
2213 4024 2591 4088 incredibili

959 4153 964 4162 ·
1091 4125 1361 4211 quidem
1417 4144 1696 4188 numero
1750 4128 1985 4207 signati
2035 4141 2376 4192 testantur.
2464 4128 2595 4190 Ne-

1095 4248 1225 4310 que
1282 4228 1490 4312 magis
1551 4228 1949 4307 verisimile,
2014 4230 2190 4315 quod
2253 4228 2431 4291 idem
2490 4250 2595 4293 re·

1077 4330 1226 4422 ,fert
1249 4373 1268 4404 ,
1305 4350 1456 4394 eam
1491 4326 1613 4392 sub
1645 4328 2007 4395 Aureliano
2045 4332 2237 4428 regni
2290 4333 2390 4394 sni
2426 4329 2592 4395 fines

981 4425 990 4434 ’
1093 4453 1217 4516 per
1267 4432 1486 4494 Asiam
1538 4430 1860 4496 minorem
1908 4434 1975 4496 in
2022 4431 2341 4497 Galatiam
2383 4454 2591 4520 usque

1092 4621 1204 4636 m

1165 4731 1229 4796 a)
1269 4725 1530 4790 Trebell.
1568 4726 1634 4792 in
1670 4726 1896 4791 Zenob.
1933 4740 1996 4789 et
2028 4730 2424 4792 Herenniano.

2622 425 3349 551 ·PALMYRAn.

2707 659 3091 750 prolatasse.
3174 658 3431 722 Tamen
3450 649 3673 744 primo
3707 652 3850 737 ejus
3882 654 4212 739 imperan-

2712 762 2795 827 tis
2841 749 3018 827 anno'
3068 764 3441 845 Aegyptum
3501 782 3544 823 a
3598 755 4008 839 Palmyrenis
4053 777 4208 841 qna·

2710 862 2859 929 dam
2895 865 3161 950 imperii
3204 883 3353 927 cum
3393 861 3752 925 Aureliano
3801 857 4209 923 communio·

2707 986 2795 1031 ne
2828 966 3032 1032 fnisse
3056 985 3420 1053 possessam
3439 1009 3459 1041 ,
3490 973 3586 1026 'ex
3598 961 3975 1031 Vaballathi
3993 960 4209 1025 nnmie

2707 1069 2977 1153 patebit.
3023 1070 3273 1137 Verum
3307 1064 3703 1130 Aurelianus
3735 1064 3939 1127 rebus
3980 1065 4051 1126 in
4077 1062 4210 1128 Oe-

2709 1170 2974 1235 oidente
3016 1167 3400 1253 compositis
3450 1166 3705 1231 bellum
3743 1164 4013 1230 mulieri
4065 1185 4209 1229 sne-

2709 1271 3003 1336 cessibus
3037 1272 3245 1335 elatae
3289 1269 3557 1350 indicit,
3601 1269 4092 1352 contractisque
4138 1268 4210 1331 in

2710 1372 3057 1437 Oiientem
3090 1372 3356 1456 imperii
3401 1372 3652 1437 viribus
3686 1370 4049 1454 aliquoties
4079 1368 4207 1433 vic-

2708 1475 2941 1539 tricem
2974 1466 3318 1557 Palmyrae
3353 1495 3512 1539 suae
3544 1456 3857 1548 includit,
3901 1469 4061 1534 inde
4096 1470 4210 1535 de-

2708 1576 2986 1660 speratis
3023 1577 3224 1641 rebus
3263 1575 3550 1659 elapsam
3581 1559 3667 1640 ex‘
3712 1575 3869 1659 suga
3902 1572 4203 1654 retrahit,

2708 1673 3056 1765 aureisque
3085 1678 3344 1744 ‚catenis
3385 1678 3665 1743 vinctam
3720 1697 3913 1740 suum
3946 1678 4204 1741 Romae

2705 1781 3106 1865 triumphum
3137 1765 3325 1868 sequi
3352 1780 3545 1863 jubat
3579 1780 3664 1847 V.
3694 1780 3767 1844 C.
3815 1781 3977 1850 mae
4007 1778 4087 1845 P.
4119 1778 4204 1843 X.

2707 1884 2853 1968 273.
2897 1884 3146 1952 Vivere
3188 1898 3406 1947 tamen
3449 1882 3520 1946 ei
3571 1901 3997 1959 concessum,
4040 1879 4209 1965 egit·

2708 2007 2837 2073 que
2869 1983 3185 2068 deinceps
3227 1983 3423 2049 vitam
3470 2003 3658 2048 mone
3701 1997 4041 2052 matronae
4074 1983 4209 2046 Bo·

2708 2107 2936 2159 manae
2974 2085 3345 2152 liberaliter
3386 2110 3424 2153 a
3467 2088 3721 2153 victore
3764 2085 3989 2150 habita
4030 2097 4203 2151 teste

2707 2189 3070 2255 Trebellio.

2831 2298 3051 2359 Libora·
3082 2289 3165 2357 ab
3204 2290 3539 2356 historicis
3571 2288 3947 2376 produntur

2831 2395 3261 2458 HERODES
3280 2440 3299 2473 ,
3345 2393 3680 2457 Odenathi
3700 2413 3782 2457 ex
3798 2394 4031 2478 priore
4048 2409 4207 2457 uxo·

2704 2517 2782 2563 re
2825 2496 3038 2577 iilius,
3107 2511 3177 2560 et
3234 2492 3597 2580 imperato'r
3656 2515 3804 2559 cum
3862 2510 4055 2581 patre
4098 2513 4206 2577 ap·

2704 2599 3009 2686 pellatus.
3131 2598 3419 2683 Propter
3488 2598 3685 2664 vitam
3746 2598 4205 2662 delicatiorem

2707 2702 3012 2770 omnibns
3043 2700 3328 2778 invisus,
3373 2714 3648 2785 agente,
3707 2715 3783 2765 nt
3823 2699 4044 2782 fertur
4084 2702 4204 2764 Ze-

2707 2805 2938 2882 nobia,
2984 2800 3150 2890 duae
3194 2801 3425 2886 ,inique
3476 2801 3778 2880 ferebat,
3833 2801 4009 2866 filios
4052 2821 4205 2864 suos

2705 2909 3012 2996 privigno
3067 2904 3415 2992 postponi,
3479 2927 3607 2969 nna
3663 2925 3812 2969 cum
3879 2921 4067 2988 patre
4112 2905 4202 2966 in·

2674 3009 3039 3076 'terimitnr
3066 3004 3150 3087 ¹³).
3239 3004 3568 3069 Laudatus
3611 3028 3807 3092 snpra
3857 3007 4204 3070 Renaude·

2709 3112 2836 3180 tius
2879 3109 3055 3174 aliud
3111 3127 3398 3174 marmor
3428 3107 3895 3189 Palmyrenum
3944 3109 4199 3184 recitat,

2702 3235 2788 3280 ex
2821 3233 2952 3301 quo
2972 3209 3290 3277 habemus
3319 3203 3871 3316 cenTleN
3898 3205 4203 3272 ΟΤΡΩ·

2704 3313 3469 3482 mgnnssmmmvs
3490 3425 3558 3484 ‚et
3594 3410 4060 3481 ‘rmomvs
4083 3412 4204 3477 22-

2702 3519 2939 3584 nobiae
2981 3519 3116 3581 lilii.
3160 3519 3410 3583 Eorum
3446 3517 3712 3582 nomine
3745 3528 3956 3579 mater
3990 3536 4199 3601 remp.

2707 3621 3021 3698 obtinuit,
3063 3634 3589 3705 purpuratosque
3642 3617 4066 3700 imperatoris
4095 3617 4202 3681 ba-
4280 3653 4287 3662 ·

2706 3726 2847 3788 bitu
2870 3720 3189 3786 incedere
3226 3720 3431 3805 jussit.
3522 3719 3688 3815 Quis
3729 3720 3933 3784 fuerit
3970 3740 4201 3784 eornm

2708 3826 2923 3890 exitus
2942 3871 2962 3903 ,
3005 3822 3336 3907 ignoravit
3362 3822 3507 3907 ipse
3530 3869 3548 3900 ‚
3594 3822 3710 3909 qui
3736 3822 4080 3907 utriusque
4102 3821 4202 3884 tnt-

2709 3927 2974 3989 storiam
3029 3917 3326 4006 scripsit,
3387 3923 3802 4010 Trebellius,
3862 3938 3969 4002 et,
4022 3923 4203 4010 quod

2705 4027 3017 4115 prodigio
3054 4025 3306 4104 simile,
3348 4027 3529 4091 idem
3568 4027 3998 4112 synchronus.

2831 4129 3184 4192 Diversum
3209 4151 3245 4191 a
3264 4128 3608 4197 Trebellio
3625 4128 3840 4192 refert
3858 4128 4197 4211 Vopiscus,

2706 4254 2743 4296 a
2768 4251 2900 4317 quo
2935 4213 3268 4294 Zenobiae
3308 4228 3484 4295 filius
3525 4228 3834 4316 proditur

2829 4332 3462 4411 VABALATHVS,
3507 4331 3626 4396 sed
3659 4350 3854 4418 quem
3889 4332 4201 4395 isBaIbo-

2705 4448 2840 4504 tam
2885 4450 3110 4512 vocat,
3173 4448 3316 4514 aut,
3375 4448 3451 4498 ut
3500 4433 3701 4499 habet
3748 4433 3965 4500 codex
4015 4432 4201 4497 Pala-

2580 4734 2650 4810 b)
2692 4733 2966 4812 Trebell.
2992 4735 3057 4795 in
3088 4731 3329 4834 Herode
3367 4742 3428 4791 et
3462 4730 3750 4791 Maeonio.

4454 1167 4455 1192 ᾼ
4454 1121 4455 1124 Α
4448 757 4455 1044 ———-„-
4452 689 4455 708 -
