<?xml version="1.0" encoding="UTF-8"?>
<!DOCTYPE html PUBLIC "-//W3C//DTD XHTML 1.0 Transitional//EN"
    "http://www.w3.org/TR/xhtml1/DTD/xhtml1-transitional.dtd">
<html xmlns="http://www.w3.org/1999/xhtml" xml:lang="en" lang="en">
 <head>
  <title>
</title>
<meta http-equiv="Content-Type" content="text/html;charset=utf-8" />
  <meta name='ocr-system' content='tesseract 3.04.00' />
  <meta name='ocr-capabilities' content='ocr_page ocr_carea ocr_par ocr_line ocrx_word'/>
</head>
<body>
  <div class='ocr_page' id='page_1' title='image "./doctrinanumorum09unkngoog_0387.png"; bbox 0 0 4475 5584; ppageno 0'>
   <div class='ocr_carea' id='block_1_1' title="bbox 1435 472 2331 555">
    <p class='ocr_par' dir='ltr' id='par_1_1' title="bbox 1435 472 2331 555">
     <span class='ocr_line' id='line_1_1' title="bbox 1435 472 2331 555; baseline 0.016 -14"><span class='ocrx_word' id='word_1_1' title='bbox 1435 472 2331 555; x_wconf 47' lang='lat' dir='ltr'><strong>,AEMILIANVss</strong></span> 
     </span>
    </p>
   </div>
   <div class='ocr_carea' id='block_1_2' title="bbox 259 660 1821 1750">
    <p class='ocr_par' dir='ltr' id='par_1_2' title="bbox 259 660 1820 1166">
     <span class='ocr_line' id='line_1_2' title="bbox 326 660 1817 745; baseline -0.005 -12"><span class='ocrx_word' id='word_1_2' title='bbox 326 690 495 733; x_wconf 70' lang='lat' dir='ltr'><strong>nect</strong></span> <span class='ocrx_word' id='word_1_3' title='bbox 543 669 619 731; x_wconf 89' lang='lat' dir='ltr'><strong>P.</strong></span> <span class='ocrx_word' id='word_1_4' title='bbox 674 670 763 730; x_wconf 72' lang='lat' dir='ltr'><strong>M.</strong></span> <span class='ocrx_word' id='word_1_5' title='bbox 821 666 965 727; x_wconf 81' lang='grc' dir='ltr'><strong>ΤΒ.</strong></span> <span class='ocrx_word' id='word_1_6' title='bbox 1025 663 1102 727; x_wconf 87' lang='grc' dir='ltr'><strong>Ρ.</strong></span> <span class='ocrx_word' id='word_1_7' title='bbox 1167 660 1355 745; x_wconf 72' lang='lat' dir='ltr'><strong>COS.</strong></span> <span class='ocrx_word' id='word_1_8' title='bbox 1414 663 1586 726; x_wconf 82' lang='lat' dir='ltr'><strong>Eum</strong></span> <span class='ocrx_word' id='word_1_9' title='bbox 1634 663 1817 726; x_wconf 82' lang='lat' dir='ltr'><strong>dedit</strong></span> 
     </span>
     <span class='ocr_line' id='line_1_3' title="bbox 324 762 1816 848; baseline -0.005 -12"><span class='ocrx_word' id='word_1_10' title='bbox 324 768 797 836; x_wconf 73' lang='lat' dir='ltr'><strong>Mediobarbus</strong></span> <span class='ocrx_word' id='word_1_11' title='bbox 853 787 938 828; x_wconf 81' lang='lat' dir='ltr'><strong>ex</strong></span> <span class='ocrx_word' id='word_1_12' title='bbox 995 781 1225 825; x_wconf 80' lang='lat' dir='ltr'><strong>museo</strong></span> <span class='ocrx_word' id='word_1_13' title='bbox 1272 762 1637 848; x_wconf 84' lang='lat' dir='ltr'><strong>Theupoli‚</strong></span> <span class='ocrx_word' id='word_1_14' title='bbox 1697 765 1816 833; x_wconf 85' lang='lat' dir='ltr'><strong>sed</strong></span> 
     </span>
     <span class='ocr_line' id='line_1_4' title="bbox 326 864 1816 954; baseline -0.007 -17"><span class='ocrx_word' id='word_1_15' title='bbox 326 873 399 937; x_wconf 87' lang='lat' dir='ltr'><strong>in</strong></span> <span class='ocrx_word' id='word_1_16' title='bbox 442 871 628 954; x_wconf 86' lang='lat' dir='ltr'><strong>cujus</strong></span> <span class='ocrx_word' id='word_1_17' title='bbox 684 868 986 950; x_wconf 78' lang='lat' dir='ltr'><strong>catalogo</strong></span> <span class='ocrx_word' id='word_1_18' title='bbox 1043 864 1214 948; x_wconf 83' lang='lat' dir='ltr'><strong>typis</strong></span> <span class='ocrx_word' id='word_1_19' title='bbox 1270 866 1537 948; x_wconf 73' lang='lat' dir='ltr'><strong>vulgato</strong></span> <span class='ocrx_word' id='word_1_20' title='bbox 1581 865 1638 927; x_wconf 83' lang='lat' dir='ltr'><strong>is</strong></span> <span class='ocrx_word' id='word_1_21' title='bbox 1682 885 1816 928; x_wconf 83' lang='lat' dir='ltr'><strong>non</strong></span> 
     </span>
     <span class='ocr_line' id='line_1_5' title="bbox 323 963 1817 1059; baseline -0.015 -20"><span class='ocrx_word' id='word_1_22' title='bbox 323 974 682 1059; x_wconf 79' lang='lat' dir='ltr'><strong>reperitur.</strong></span> <span class='ocrx_word' id='word_1_23' title='bbox 724 974 797 1032; x_wconf 89' lang='lat' dir='ltr'><strong>ln</strong></span> <span class='ocrx_word' id='word_1_24' title='bbox 841 969 971 1031; x_wconf 85' lang='lat' dir='ltr'><strong>alio</strong></span> <span class='ocrx_word' id='word_1_25' title='bbox 1013 963 1186 1050; x_wconf 84' lang='lat' dir='ltr'><strong>apud</strong></span> <span class='ocrx_word' id='word_1_26' title='bbox 1222 967 1683 1049; x_wconf 74' lang='lat' dir='ltr'><strong>Angelloninm</strong></span> <span class='ocrx_word' id='word_1_27' title='bbox 1722 969 1817 1030; x_wconf 64' lang='grc' dir='ltr'><strong>ιρ-</strong></span> 
     </span>
     <span class='ocr_line' id='line_1_6' title="bbox 259 1064 1820 1166; baseline -0.004 -25"><span class='ocrx_word' id='word_1_28' title='bbox 259 1136 268 1143; x_wconf 86' lang='grc'><strong><em>,</em></strong></span> <span class='ocrx_word' id='word_1_29' title='bbox 326 1076 541 1166; x_wconf 75' lang='lat' dir='ltr'><strong>gitur:</strong></span> <span class='ocrx_word' id='word_1_30' title='bbox 594 1074 672 1135; x_wconf 88' lang='lat' dir='ltr'><strong>P.</strong></span> <span class='ocrx_word' id='word_1_31' title='bbox 713 1075 804 1133; x_wconf 81' lang='lat' dir='ltr'><strong>M.</strong></span> <span class='ocrx_word' id='word_1_32' title='bbox 853 1072 993 1132; x_wconf 79' lang='grc' dir='ltr'><strong>ΤΒ.</strong></span> <span class='ocrx_word' id='word_1_33' title='bbox 1035 1069 1112 1132; x_wconf 91' lang='grc' dir='ltr'><strong>Ρ.</strong></span> <span class='ocrx_word' id='word_1_34' title='bbox 1156 1068 1334 1131; x_wconf 86' lang='grc' dir='ltr'><strong>ῙΜΡ.</strong></span> <span class='ocrx_word' id='word_1_35' title='bbox 1380 1064 1569 1132; x_wconf 85' lang='lat' dir='ltr'><strong>COS.</strong></span> <span class='ocrx_word' id='word_1_36' title='bbox 1614 1070 1820 1137; x_wconf 72' lang='lat' dir='ltr'><strong>II.,P.</strong></span> 
     </span>
    </p>

    <p class='ocr_par' dir='ltr' id='par_1_3' title="bbox 283 1168 1821 1750">
     <span class='ocr_line' id='line_1_7' title="bbox 322 1168 1821 1258; baseline -0.005 -18"><span class='ocrx_word' id='word_1_37' title='bbox 322 1179 401 1241; x_wconf 90' lang='grc' dir='ltr'><strong>Ρ.</strong></span> <span class='ocrx_word' id='word_1_38' title='bbox 432 1177 492 1258; x_wconf 81' lang='grc'><strong>·)</strong></span> <span class='ocrx_word' id='word_1_39' title='bbox 540 1173 676 1237; x_wconf 84' lang='lat' dir='ltr'><strong>Sed</strong></span> <span class='ocrx_word' id='word_1_40' title='bbox 707 1184 1049 1254; x_wconf 79' lang='lat' dir='ltr'><strong>suspectus</strong></span> <span class='ocrx_word' id='word_1_41' title='bbox 1081 1182 1180 1232; x_wconf 83' lang='lat' dir='ltr'><strong>est</strong></span> <span class='ocrx_word' id='word_1_42' title='bbox 1210 1168 1319 1232; x_wconf 88' lang='lat' dir='ltr'><strong>hic</strong></span> <span class='ocrx_word' id='word_1_43' title='bbox 1352 1168 1588 1238; x_wconf 76' lang='lat' dir='ltr'><strong>numus</strong></span> <span class='ocrx_word' id='word_1_44' title='bbox 1621 1191 1821 1256; x_wconf 81' lang='lat' dir='ltr'><strong>prop·</strong></span> 
     </span>
     <span class='ocr_line' id='line_1_8' title="bbox 283 1256 1821 1356; baseline -0.016 -12"><span class='ocrx_word' id='word_1_45' title='bbox 283 1256 290 1263; x_wconf 43' lang='lat'><em>⁰</em></span> <span class='ocrx_word' id='word_1_46' title='bbox 327 1291 435 1343; x_wconf 88' lang='lat' dir='ltr'><strong>ter</strong></span> <span class='ocrx_word' id='word_1_47' title='bbox 474 1276 794 1340; x_wconf 85' lang='lat' dir='ltr'><strong>insertum</strong></span> <span class='ocrx_word' id='word_1_48' title='bbox 839 1273 1057 1336; x_wconf 83' lang='lat' dir='ltr'><strong>alieno</strong></span> <span class='ocrx_word' id='word_1_49' title='bbox 1092 1272 1241 1334; x_wconf 86' lang='lat' dir='ltr'><strong>loeo</strong></span> <span class='ocrx_word' id='word_1_50' title='bbox 1276 1270 1489 1347; x_wconf 74' lang='lat' dir='ltr'><strong>IMR,</strong></span> <span class='ocrx_word' id='word_1_51' title='bbox 1536 1271 1649 1356; x_wconf 82' lang='lat' dir='ltr'><strong>qui</strong></span> <span class='ocrx_word' id='word_1_52' title='bbox 1680 1294 1821 1336; x_wconf 72' lang='lat' dir='ltr'><strong>mo.</strong></span> 
     </span>
     <span class='ocr_line' id='line_1_9' title="bbox 328 1373 1820 1460; baseline -0.006 -17"><span class='ocrx_word' id='word_1_53' title='bbox 328 1376 453 1443; x_wconf 82' lang='lat' dir='ltr'><strong>dua</strong></span> <span class='ocrx_word' id='word_1_54' title='bbox 495 1375 692 1460; x_wconf 88' lang='lat' dir='ltr'><strong>hujus</strong></span> <span class='ocrx_word' id='word_1_55' title='bbox 735 1373 965 1437; x_wconf 86' lang='lat' dir='ltr'><strong>aetatis</strong></span> <span class='ocrx_word' id='word_1_56' title='bbox 1006 1391 1139 1435; x_wconf 89' lang='lat' dir='ltr'><strong>non</strong></span> <span class='ocrx_word' id='word_1_57' title='bbox 1184 1386 1306 1435; x_wconf 88' lang='lat' dir='ltr'><strong>est.</strong></span> <span class='ocrx_word' id='word_1_58' title='bbox 1392 1375 1640 1451; x_wconf 74' lang='lat' dir='ltr'><strong>Tamen</strong></span> <span class='ocrx_word' id='word_1_59' title='bbox 1685 1386 1820 1435; x_wconf 84' lang='lat' dir='ltr'><strong>ter-</strong></span> 
     </span>
     <span class='ocr_line' id='line_1_10' title="bbox 326 1472 1817 1559; baseline -0.006 -14"><span class='ocrx_word' id='word_1_60' title='bbox 326 1480 493 1546; x_wconf 86' lang='lat' dir='ltr'><strong>tium</strong></span> <span class='ocrx_word' id='word_1_61' title='bbox 553 1497 830 1542; x_wconf 84' lang='lat' dir='ltr'><strong>aeneum</strong></span> <span class='ocrx_word' id='word_1_62' title='bbox 865 1477 925 1559; x_wconf 68' lang='lat' dir='ltr'><strong>=l.</strong></span> <span class='ocrx_word' id='word_1_63' title='bbox 969 1473 1225 1538; x_wconf 79' lang='lat' dir='ltr'><strong>formae</strong></span> <span class='ocrx_word' id='word_1_64' title='bbox 1281 1472 1444 1535; x_wconf 81' lang='lat' dir='ltr'><strong>vidit</strong></span> <span class='ocrx_word' id='word_1_65' title='bbox 1502 1472 1817 1536; x_wconf 88' lang='lat' dir='ltr'><strong>Taninius</strong></span> 
     </span>
     <span class='ocr_line' id='line_1_11' title="bbox 326 1564 1817 1663; baseline -0.005 -18"><span class='ocrx_word' id='word_1_66' title='bbox 326 1600 479 1646; x_wconf 76' lang='lat' dir='ltr'><strong>eum</strong></span> <span class='ocrx_word' id='word_1_67' title='bbox 522 1564 1040 1663; x_wconf 38' lang='lat' dir='ltr'><strong>epigramm-1³.</strong></span> <span class='ocrx_word' id='word_1_68' title='bbox 1083 1579 1174 1639; x_wconf 79' lang='grc' dir='ltr'><strong>Μ.</strong></span> <span class='ocrx_word' id='word_1_69' title='bbox 1216 1577 1355 1635; x_wconf 81' lang='lat' dir='ltr'><strong>TR.</strong></span> <span class='ocrx_word' id='word_1_70' title='bbox 1393 1576 1466 1635; x_wconf 84' lang='lat' dir='ltr'><strong>P.</strong></span> <span class='ocrx_word' id='word_1_71' title='bbox 1509 1575 1700 1640; x_wconf 79' lang='lat' dir='ltr'><strong>cos,</strong></span> <span class='ocrx_word' id='word_1_72' title='bbox 1735 1577 1817 1638; x_wconf 91' lang='lat'><strong>11.</strong></span> 
     </span>
     <span class='ocr_line' id='line_1_12' title="bbox 323 1675 1819 1750; baseline -0.005 -1"><span class='ocrx_word' id='word_1_73' title='bbox 323 1685 403 1750; x_wconf 85' lang='grc' dir='ltr'><strong>Ρ.</strong></span> <span class='ocrx_word' id='word_1_74' title='bbox 423 1686 499 1747; x_wconf 91' lang='grc' dir='ltr'><strong>Ρ.</strong></span> <span class='ocrx_word' id='word_1_75' title='bbox 519 1680 953 1745; x_wconf 68' lang='lat' dir='ltr'><strong>Aemilianum</strong></span> <span class='ocrx_word' id='word_1_76' title='bbox 974 1675 1311 1741; x_wconf 87' lang='lat' dir='ltr'><strong>consulem</strong></span> <span class='ocrx_word' id='word_1_77' title='bbox 1343 1675 1625 1740; x_wconf 81' lang='lat' dir='ltr'><strong>reticent</strong></span> <span class='ocrx_word' id='word_1_78' title='bbox 1643 1677 1819 1742; x_wconf 75' lang='lat' dir='ltr'><strong>fasti.</strong></span> 
     </span>
    </p>
   </div>
   <div class='ocr_carea' id='block_1_3' title="bbox 450 1774 1904 1865">
    <p class='ocr_par' dir='ltr' id='par_1_4' title="bbox 450 1774 1904 1865">
     <span class='ocr_line' id='line_1_13' title="bbox 450 1774 1904 1865; baseline -0.008 -16"><span class='ocrx_word' id='word_1_79' title='bbox 450 1774 650 1865; x_wconf 70' lang='lat' dir='ltr'><strong>Numi</strong></span> <span class='ocrx_word' id='word_1_80' title='bbox 690 1780 1067 1863; x_wconf 76' lang='lat' dir='ltr'><strong>complures</strong></span> <span class='ocrx_word' id='word_1_81' title='bbox 1100 1776 1518 1840; x_wconf 78' lang='lat' dir='ltr'><strong>tribuniciam</strong></span> <span class='ocrx_word' id='word_1_82' title='bbox 1554 1798 1817 1864; x_wconf 81' lang='lat' dir='ltr'>quoqne</span> <span class='ocrx_word' id='word_1_83' title='bbox 1887 1814 1904 1837; x_wconf 58' lang='grc' dir='ltr'><em>ι</em></span> 
     </span>
    </p>
   </div>
   <div class='ocr_carea' id='block_1_4' title="bbox 305 1880 1830 3777">
    <p class='ocr_par' dir='ltr' id='par_1_5' title="bbox 305 1880 1830 3777">
     <span class='ocr_line' id='line_1_14' title="bbox 325 1880 1822 1975; baseline -0.007 -23"><span class='ocrx_word' id='word_1_84' title='bbox 325 1897 720 1975; x_wconf 82' lang='lat' dir='ltr'><strong>potestatem</strong></span> <span class='ocrx_word' id='word_1_85' title='bbox 760 1884 1160 1954; x_wconf 77' lang='lat' dir='ltr'><strong>memorant,</strong></span> <span class='ocrx_word' id='word_1_86' title='bbox 1221 1891 1289 1940; x_wconf 83' lang='lat' dir='ltr'><strong>et</strong></span> <span class='ocrx_word' id='word_1_87' title='bbox 1334 1881 1632 1963; x_wconf 83' lang='lat' dir='ltr'><strong>argentei</strong></span> <span class='ocrx_word' id='word_1_88' title='bbox 1678 1880 1822 1965; x_wconf 85' lang='lat' dir='ltr'><strong>qui·</strong></span> 
     </span>
     <span class='ocr_line' id='line_1_15' title="bbox 326 1979 1819 2052; baseline -0.005 0"><span class='ocrx_word' id='word_1_89' title='bbox 326 1987 481 2052; x_wconf 80' lang='lat' dir='ltr'><strong>dem</strong></span> <span class='ocrx_word' id='word_1_90' title='bbox 517 1984 643 2048; x_wconf 82' lang='lat' dir='ltr'><strong>sic:</strong></span> <span class='ocrx_word' id='word_1_91' title='bbox 687 1984 766 2047; x_wconf 90' lang='grc' dir='ltr'><strong>Ρ.</strong></span> <span class='ocrx_word' id='word_1_92' title='bbox 803 1986 900 2046; x_wconf 75' lang='grc' dir='ltr'><strong>Μ.</strong></span> <span class='ocrx_word' id='word_1_93' title='bbox 930 1985 1068 2043; x_wconf 79' lang='grc' dir='ltr'><strong>ΤΒ.</strong></span> <span class='ocrx_word' id='word_1_94' title='bbox 1101 1982 1180 2044; x_wconf 91' lang='grc' dir='ltr'><strong>Ρ.</strong></span> <span class='ocrx_word' id='word_1_95' title='bbox 1207 1979 1259 2040; x_wconf 92' lang='lat' dir='ltr'><strong>I.</strong></span> <span class='ocrx_word' id='word_1_96' title='bbox 1285 1980 1363 2041; x_wconf 87' lang='lat' dir='ltr'><strong>P.</strong></span> <span class='ocrx_word' id='word_1_97' title='bbox 1393 1983 1471 2045; x_wconf 92' lang='lat' dir='ltr'><strong>P.</strong></span> <span class='ocrx_word' id='word_1_98' title='bbox 1501 1995 1567 2043; x_wconf 84' lang='lat' dir='ltr'><strong>at</strong></span> <span class='ocrx_word' id='word_1_99' title='bbox 1594 1982 1819 2045; x_wconf 71' lang='lat' dir='ltr'><strong>aeneit</strong></span> 
     </span>
     <span class='ocr_line' id='line_1_16' title="bbox 327 2078 1819 2165; baseline -0.006 -12"><span class='ocrx_word' id='word_1_100' title='bbox 327 2092 412 2153; x_wconf 91' lang='lat' dir='ltr'><strong>P.</strong></span> <span class='ocrx_word' id='word_1_101' title='bbox 450 2092 541 2152; x_wconf 74' lang='grc' dir='ltr'><strong>Η.</strong></span> <span class='ocrx_word' id='word_1_102' title='bbox 588 2088 729 2148; x_wconf 82' lang='lat' dir='ltr'><strong>TR.</strong></span> <span class='ocrx_word' id='word_1_103' title='bbox 771 2083 978 2147; x_wconf 83' lang='lat' dir='ltr'><strong>POT.</strong></span> <span class='ocrx_word' id='word_1_104' title='bbox 1018 2083 1096 2143; x_wconf 87' lang='lat' dir='ltr'><strong>P.</strong></span> <span class='ocrx_word' id='word_1_105' title='bbox 1137 2083 1216 2146; x_wconf 87' lang='lat' dir='ltr'><strong>P.</strong></span> <span class='ocrx_word' id='word_1_106' title='bbox 1258 2078 1327 2142; x_wconf 83' lang='lat' dir='ltr'><strong>S.</strong></span> <span class='ocrx_word' id='word_1_107' title='bbox 1374 2082 1489 2157; x_wconf 90' lang='lat' dir='ltr'><strong>C.,</strong></span> <span class='ocrx_word' id='word_1_108' title='bbox 1538 2101 1819 2165; x_wconf 82' lang='lat' dir='ltr'><strong>quorum</strong></span> 
     </span>
     <span class='ocr_line' id='line_1_17' title="bbox 324 2182 1821 2273; baseline -0.007 -17"><span class='ocrx_word' id='word_1_109' title='bbox 324 2191 433 2261; x_wconf 82' lang='lat' dir='ltr'><strong>illi</strong></span> <span class='ocrx_word' id='word_1_110' title='bbox 491 2188 740 2273; x_wconf 85' lang='lat' dir='ltr'><strong>absque</strong></span> <span class='ocrx_word' id='word_1_111' title='bbox 798 2183 1001 2247; x_wconf 86' lang='lat' dir='ltr'><strong>dubio</strong></span> <span class='ocrx_word' id='word_1_112' title='bbox 1059 2195 1246 2246; x_wconf 85' lang='lat' dir='ltr'><strong>extra</strong></span> <span class='ocrx_word' id='word_1_113' title='bbox 1277 2182 1538 2246; x_wconf 84' lang='lat' dir='ltr'><strong>.urbem</strong></span> <span class='ocrx_word' id='word_1_114' title='bbox 1584 2183 1821 2266; x_wconf 77' lang='lat' dir='ltr'><strong>signati</strong></span> 
     </span>
     <span class='ocr_line' id='line_1_18' title="bbox 328 2282 1820 2369; baseline -0.007 -12"><span class='ocrx_word' id='word_1_115' title='bbox 328 2301 521 2369; x_wconf 74' lang='lat' dir='ltr'><strong>suut,</strong></span> <span class='ocrx_word' id='word_1_116' title='bbox 579 2310 729 2352; x_wconf 78' lang='lat' dir='ltr'><strong>nam</strong></span> <span class='ocrx_word' id='word_1_117' title='bbox 787 2287 857 2348; x_wconf 88' lang='lat' dir='ltr'><strong>in</strong></span> <span class='ocrx_word' id='word_1_118' title='bbox 914 2304 1146 2348; x_wconf 83' lang='lat' dir='ltr'><strong>aurum</strong></span> <span class='ocrx_word' id='word_1_119' title='bbox 1203 2295 1273 2346; x_wconf 84' lang='lat' dir='ltr'><strong>et</strong></span> <span class='ocrx_word' id='word_1_120' title='bbox 1330 2297 1673 2366; x_wconf 79' lang='lat' dir='ltr'><strong>argentum</strong></span> <span class='ocrx_word' id='word_1_121' title='bbox 1716 2282 1820 2365; x_wconf 88' lang='lat' dir='ltr'><strong>jus</strong></span> 
     </span>
     <span class='ocr_line' id='line_1_19' title="bbox 322 2370 1820 2474; baseline -0.01 -14"><span class='ocrx_word' id='word_1_122' title='bbox 322 2392 457 2460; x_wconf 76' lang='lat' dir='ltr'><strong>fuit</strong></span> <span class='ocrx_word' id='word_1_123' title='bbox 526 2370 1071 2474; x_wconf 78' lang='lat' dir='ltr'><strong>imperatoribus,</strong></span> <span class='ocrx_word' id='word_1_124' title='bbox 1143 2406 1276 2471; x_wconf 86' lang='lat' dir='ltr'><strong>quo</strong></span> <span class='ocrx_word' id='word_1_125' title='bbox 1339 2398 1527 2448; x_wconf 85' lang='lat' dir='ltr'><strong>extra</strong></span> <span class='ocrx_word' id='word_1_126' title='bbox 1587 2383 1820 2446; x_wconf 85' lang='lat' dir='ltr'><strong>urbem</strong></span> 
     </span>
     <span class='ocr_line' id='line_1_20' title="bbox 327 2486 1822 2571; baseline -0.009 -10"><span class='ocrx_word' id='word_1_127' title='bbox 327 2513 487 2562; x_wconf 81' lang='lat' dir='ltr'><strong>usos</strong></span> <span class='ocrx_word' id='word_1_128' title='bbox 523 2491 719 2555; x_wconf 87' lang='lat' dir='ltr'><strong>etiam</strong></span> <span class='ocrx_word' id='word_1_129' title='bbox 755 2487 961 2552; x_wconf 80' lang='lat' dir='ltr'><strong>fuisse</strong></span> <span class='ocrx_word' id='word_1_130' title='bbox 994 2486 1500 2571; x_wconf 74' lang='lat' dir='ltr'><strong>Vespasianum,</strong></span> <span class='ocrx_word' id='word_1_131' title='bbox 1537 2487 1822 2549; x_wconf 86' lang='lat' dir='ltr'><strong>Pescen·</strong></span> 
     </span>
     <span class='ocr_line' id='line_1_21' title="bbox 324 2572 1827 2672; baseline -0.006 -12"><span class='ocrx_word' id='word_1_132' title='bbox 324 2595 552 2669; x_wconf 80' lang='lat' dir='ltr'><strong>nium,</strong></span> <span class='ocrx_word' id='word_1_133' title='bbox 595 2572 905 2655; x_wconf 70' lang='lat' dir='ltr'><strong>Albinum</strong></span> <span class='ocrx_word' id='word_1_134' title='bbox 942 2590 1306 2672; x_wconf 78' lang='lat' dir='ltr'><strong>Augustum</strong></span> <span class='ocrx_word' id='word_1_135' title='bbox 1331 2630 1350 2662; x_wconf 91' lang='lat'>‚</span> <span class='ocrx_word' id='word_1_136' title='bbox 1395 2585 1692 2672; x_wconf 86' lang='lat' dir='ltr'><strong>aliosque</strong></span> <span class='ocrx_word' id='word_1_137' title='bbox 1729 2589 1827 2651; x_wconf 83' lang='lat' dir='ltr'><strong>lo-</strong></span> 
     </span>
     <span class='ocr_line' id='line_1_22' title="bbox 328 2687 1826 2774; baseline -0.008 -11"><span class='ocrx_word' id='word_1_138' title='bbox 328 2697 427 2763; x_wconf 74' lang='lat' dir='ltr'><strong>eis</strong></span> <span class='ocrx_word' id='word_1_139' title='bbox 453 2697 589 2759; x_wconf 74' lang='lat' dir='ltr'><strong>suis</strong></span> <span class='ocrx_word' id='word_1_140' title='bbox 622 2692 925 2758; x_wconf 81' lang='lat' dir='ltr'><strong>diximus.</strong></span> <span class='ocrx_word' id='word_1_141' title='bbox 963 2690 1151 2774; x_wconf 83' lang='lat' dir='ltr'><strong>Opus</strong></span> <span class='ocrx_word' id='word_1_142' title='bbox 1179 2687 1587 2774; x_wconf 78' lang='lat' dir='ltr'><strong>provinciale</strong></span> <span class='ocrx_word' id='word_1_143' title='bbox 1609 2689 1826 2773; x_wconf 81' lang='lat' dir='ltr'><strong>arguit</strong></span> 
     </span>
     <span class='ocr_line' id='line_1_23' title="bbox 330 2788 1824 2872; baseline -0.009 -7"><span class='ocrx_word' id='word_1_144' title='bbox 330 2800 532 2866; x_wconf 86' lang='lat' dir='ltr'><strong>etiam</strong></span> <span class='ocrx_word' id='word_1_145' title='bbox 565 2791 900 2860; x_wconf 82' lang='lat' dir='ltr'><strong>scribendi</strong></span> <span class='ocrx_word' id='word_1_146' title='bbox 933 2788 1168 2854; x_wconf 87' lang='lat' dir='ltr'><strong>modus</strong></span> <span class='ocrx_word' id='word_1_147' title='bbox 1204 2793 1342 2851; x_wconf 78' lang='grc' dir='ltr'><strong>ΤΒ.</strong></span> <span class='ocrx_word' id='word_1_148' title='bbox 1388 2790 1462 2850; x_wconf 91' lang='grc' dir='ltr'><strong>Ρ.</strong></span> <span class='ocrx_word' id='word_1_149' title='bbox 1508 2791 1594 2866; x_wconf 84' lang='grc'><strong>1.,</strong></span> <span class='ocrx_word' id='word_1_150' title='bbox 1637 2790 1824 2872; x_wconf 84' lang='lat' dir='ltr'><strong>cujus</strong></span> 
     </span>
     <span class='ocr_line' id='line_1_24' title="bbox 331 2889 1827 2977; baseline -0.009 -10"><span class='ocrx_word' id='word_1_151' title='bbox 331 2904 403 2967; x_wconf 72' lang='lat' dir='ltr'><strong>in</strong></span> <span class='ocrx_word' id='word_1_152' title='bbox 434 2909 699 2962; x_wconf 82' lang='lat' dir='ltr'><strong>moneta</strong></span> <span class='ocrx_word' id='word_1_153' title='bbox 726 2899 980 2958; x_wconf 79' lang='lat' dir='ltr'><strong>Romae</strong></span> <span class='ocrx_word' id='word_1_154' title='bbox 1015 2893 1265 2977; x_wconf 81' lang='lat' dir='ltr'><strong>signata</strong></span> <span class='ocrx_word' id='word_1_155' title='bbox 1301 2890 1678 2974; x_wconf 89' lang='lat' dir='ltr'><strong>exemplum</strong></span> <span class='ocrx_word' id='word_1_156' title='bbox 1714 2889 1827 2954; x_wconf 83' lang='lat' dir='ltr'><strong>vix</strong></span> 
     </span>
     <span class='ocr_line' id='line_1_25' title="bbox 305 2991 1828 3077; baseline -0.007 -12"><span class='ocrx_word' id='word_1_157' title='bbox 305 3001 674 3066; x_wconf 66' lang='lat' dir='ltr'><strong>habemus.</strong></span> <span class='ocrx_word' id='word_1_158' title='bbox 754 2997 829 3058; x_wconf 84' lang='lat' dir='ltr'><strong>ln</strong></span> <span class='ocrx_word' id='word_1_159' title='bbox 889 2992 1219 3077; x_wconf 81' lang='lat' dir='ltr'><strong>argenteis</strong></span> <span class='ocrx_word' id='word_1_160' title='bbox 1271 2991 1538 3076; x_wconf 87' lang='lat' dir='ltr'><strong>quidem</strong></span> <span class='ocrx_word' id='word_1_161' title='bbox 1589 2993 1828 3059; x_wconf 75' lang='lat' dir='ltr'><strong>Severi</strong></span> 
     </span>
     <span class='ocr_line' id='line_1_26' title="bbox 328 3093 1826 3190; baseline -0.008 -21"><span class='ocrx_word' id='word_1_162' title='bbox 328 3103 580 3190; x_wconf 79' lang='lat' dir='ltr'><strong>legitur</strong></span> <span class='ocrx_word' id='word_1_163' title='bbox 612 3101 775 3164; x_wconf 84' lang='lat' dir='ltr'><strong>item</strong></span> <span class='ocrx_word' id='word_1_164' title='bbox 801 3095 992 3161; x_wconf 86' lang='lat' dir='ltr'><strong>COS.</strong></span> <span class='ocrx_word' id='word_1_165' title='bbox 1027 3098 1077 3158; x_wconf 90' lang='lat'><strong>1.</strong></span> <span class='ocrx_word' id='word_1_166' title='bbox 1111 3096 1289 3157; x_wconf 83' lang='grc' dir='ltr'><strong>ῙΜΡ.</strong></span> <span class='ocrx_word' id='word_1_167' title='bbox 1322 3093 1408 3170; x_wconf 91' lang='lat'><strong>1.‚</strong></span> <span class='ocrx_word' id='word_1_168' title='bbox 1454 3094 1572 3157; x_wconf 87' lang='lat' dir='ltr'><strong>sed</strong></span> <span class='ocrx_word' id='word_1_169' title='bbox 1608 3095 1826 3159; x_wconf 83' lang='lat' dir='ltr'><strong>ethos</strong></span> 
     </span>
     <span class='ocr_line' id='line_1_27' title="bbox 332 3193 1827 3283; baseline -0.008 -12"><span class='ocrx_word' id='word_1_170' title='bbox 332 3215 593 3271; x_wconf 80' lang='lat' dir='ltr'><strong>constat</strong></span> <span class='ocrx_word' id='word_1_171' title='bbox 634 3196 860 3263; x_wconf 76' lang='lat' dir='ltr'><strong>mallei</strong></span> <span class='ocrx_word' id='word_1_172' title='bbox 899 3217 1049 3262; x_wconf 81' lang='lat' dir='ltr'><strong>esse</strong></span> <span class='ocrx_word' id='word_1_173' title='bbox 1089 3193 1431 3283; x_wconf 79' lang='lat' dir='ltr'><strong>peregrini</strong></span> <span class='ocrx_word' id='word_1_174' title='bbox 1468 3214 1659 3278; x_wconf 88' lang='lat' dir='ltr'><strong>opus.</strong></span> <span class='ocrx_word' id='word_1_175' title='bbox 1698 3198 1827 3260; x_wconf 83' lang='lat' dir='ltr'><strong>Ae·</strong></span> 
     </span>
     <span class='ocr_line' id='line_1_28' title="bbox 331 3295 1826 3384; baseline -0.008 -13"><span class='ocrx_word' id='word_1_176' title='bbox 331 3306 448 3371; x_wconf 81' lang='lat' dir='ltr'><strong>nei</strong></span> <span class='ocrx_word' id='word_1_177' title='bbox 508 3316 695 3368; x_wconf 87' lang='lat' dir='ltr'><strong>certe</strong></span> <span class='ocrx_word' id='word_1_178' title='bbox 750 3304 1033 3365; x_wconf 82' lang='lat' dir='ltr'><strong>Romam</strong></span> <span class='ocrx_word' id='word_1_179' title='bbox 1088 3298 1367 3384; x_wconf 81' lang='lat' dir='ltr'><strong>patriam</strong></span> <span class='ocrx_word' id='word_1_180' title='bbox 1421 3295 1667 3379; x_wconf 87' lang='lat' dir='ltr'><strong>jactant</strong></span> <span class='ocrx_word' id='word_1_181' title='bbox 1738 3295 1826 3361; x_wconf 86' lang='lat' dir='ltr'><strong>ob</strong></span> 
     </span>
     <span class='ocr_line' id='line_1_29' title="bbox 335 3396 1829 3487; baseline -0.007 -14"><span class='ocrx_word' id='word_1_182' title='bbox 335 3407 628 3473; x_wconf 72' lang='lat' dir='ltr'><strong>additum</strong></span> <span class='ocrx_word' id='word_1_183' title='bbox 664 3404 733 3468; x_wconf 86' lang='lat' dir='ltr'><strong>S.</strong></span> <span class='ocrx_word' id='word_1_184' title='bbox 766 3405 874 3481; x_wconf 87' lang='lat' dir='ltr'><strong>C.,</strong></span> <span class='ocrx_word' id='word_1_185' title='bbox 919 3416 1201 3487; x_wconf 83' lang='lat' dir='ltr'><strong>suntque</strong></span> <span class='ocrx_word' id='word_1_186' title='bbox 1234 3397 1406 3462; x_wconf 89' lang='lat' dir='ltr'><strong>haud</strong></span> <span class='ocrx_word' id='word_1_187' title='bbox 1441 3396 1643 3460; x_wconf 84' lang='lat' dir='ltr'><strong>dubie</strong></span> <span class='ocrx_word' id='word_1_188' title='bbox 1675 3398 1829 3463; x_wconf 89' lang='lat' dir='ltr'><strong>anni</strong></span> 
     </span>
     <span class='ocr_line' id='line_1_30' title="bbox 332 3499 1830 3590; baseline -0.007 -17"><span class='ocrx_word' id='word_1_189' title='bbox 332 3511 423 3579; x_wconf 83' lang='lat' dir='ltr'><strong>V.</strong></span> <span class='ocrx_word' id='word_1_190' title='bbox 455 3509 526 3570; x_wconf 85' lang='lat' dir='ltr'><strong>C.</strong></span> <span class='ocrx_word' id='word_1_191' title='bbox 567 3525 766 3587; x_wconf 78' lang='lat'><strong>1007,</strong></span> <span class='ocrx_word' id='word_1_192' title='bbox 810 3517 879 3568; x_wconf 89' lang='lat' dir='ltr'><strong>et</strong></span> <span class='ocrx_word' id='word_1_193' title='bbox 920 3500 1192 3590; x_wconf 81' lang='lat' dir='ltr'><strong>signati,</strong></span> <span class='ocrx_word' id='word_1_194' title='bbox 1238 3521 1322 3565; x_wconf 88' lang='lat' dir='ltr'><strong>ex</strong></span> <span class='ocrx_word' id='word_1_195' title='bbox 1356 3520 1490 3586; x_wconf 78' lang='lat' dir='ltr'><strong>quo</strong></span> <span class='ocrx_word' id='word_1_196' title='bbox 1519 3499 1830 3564; x_wconf 85' lang='lat' dir='ltr'><strong>Aemilia·</strong></span> 
     </span>
     <span class='ocr_line' id='line_1_31' title="bbox 331 3592 1827 3688; baseline -0.005 -14"><span class='ocrx_word' id='word_1_197' title='bbox 331 3622 472 3674; x_wconf 76' lang='lat' dir='ltr'><strong>nus·</strong></span> <span class='ocrx_word' id='word_1_198' title='bbox 517 3592 718 3685; x_wconf 74' lang='lat' dir='ltr'><strong>caeso</strong></span> <span class='ocrx_word' id='word_1_199' title='bbox 766 3607 963 3673; x_wconf 82' lang='lat' dir='ltr'><strong>Gallo</strong></span> <span class='ocrx_word' id='word_1_200' title='bbox 1018 3618 1316 3671; x_wconf 82' lang='lat' dir='ltr'><strong>senatum</strong></span> <span class='ocrx_word' id='word_1_201' title='bbox 1373 3604 1443 3667; x_wconf 88' lang='lat' dir='ltr'><strong>in</strong></span> <span class='ocrx_word' id='word_1_202' title='bbox 1497 3615 1827 3688; x_wconf 73' lang='lat' dir='ltr'><strong>potestate</strong></span> 
     </span>
     <span class='ocr_line' id='line_1_32' title="bbox 336 3710 586 3777; baseline 0.004 -1"><span class='ocrx_word' id='word_1_203' title='bbox 336 3710 586 3777; x_wconf 75' lang='lat' dir='ltr'><strong>habuit.</strong></span> 
     </span>
    </p>
   </div>
   <div class='ocr_carea' id='block_1_5' title="bbox 3118 460 3418 573">
    <p class='ocr_par' dir='ltr' id='par_1_6' title="bbox 3118 460 3418 573">
     <span class='ocr_line' id='line_1_33' title="bbox 3118 460 3418 573; baseline -0.023 -1"><span class='ocrx_word' id='word_1_204' title='bbox 3118 460 3123 467; x_wconf 32' lang='lat'>⁸</span> <span class='ocrx_word' id='word_1_205' title='bbox 3257 500 3418 573; x_wconf 59' lang='grc' dir='ltr'><strong>ἣτε</strong></span> 
     </span>
    </p>
   </div>
   <div class='ocr_carea' id='block_1_6' title="bbox 2190 665 3147 749">
    <p class='ocr_par' dir='ltr' id='par_1_7' title="bbox 2190 665 3147 749">
     <span class='ocr_line' id='line_1_34' title="bbox 2190 665 3147 749; baseline 0.002 -19"><span class='ocrx_word' id='word_1_206' title='bbox 2190 666 2394 730; x_wconf 67' lang='lat' dir='ltr'><strong>Numi</strong></span> <span class='ocrx_word' id='word_1_207' title='bbox 2432 665 2764 733; x_wconf 68' lang='lat' dir='ltr'><strong>commatis</strong></span> <span class='ocrx_word' id='word_1_208' title='bbox 2795 671 3147 749; x_wconf 53' lang='lat' dir='ltr'><strong>pes-eyrIni.</strong></span> 
     </span>
    </p>
   </div>
   <div class='ocr_carea' id='block_1_7' title="bbox 1927 866 3523 2275">
    <p class='ocr_par' dir='ltr' id='par_1_8' title="bbox 1927 866 3427 1259">
     <span class='ocr_line' id='line_1_35' title="bbox 2055 866 3419 956; baseline 0.007 -28"><span class='ocrx_word' id='word_1_209' title='bbox 2055 866 2157 928; x_wconf 65' lang='lat'><strong>¹3⁰</strong></span> <span class='ocrx_word' id='word_1_210' title='bbox 2172 870 2439 931; x_wconf 67' lang='lat' dir='ltr'><strong>urbibus</strong></span> <span class='ocrx_word' id='word_1_211' title='bbox 2454 867 2872 933; x_wconf 70' lang='lat' dir='ltr'><strong>liberissolae</strong></span> <span class='ocrx_word' id='word_1_212' title='bbox 2891 871 3106 956; x_wconf 75' lang='lat' dir='ltr'><strong>Aegae</strong></span> <span class='ocrx_word' id='word_1_213' title='bbox 3125 868 3419 951; x_wconf 75' lang='lat' dir='ltr'><strong>Ciliciae,</strong></span> 
     </span>
     <span class='ocr_line' id='line_1_36' title="bbox 1927 966 3424 1045; baseline 0.007 -18"><span class='ocrx_word' id='word_1_214' title='bbox 1927 966 2107 1041; x_wconf 82' lang='lat' dir='ltr'><strong>quod</strong></span> <span class='ocrx_word' id='word_1_215' title='bbox 2158 967 2374 1034; x_wconf 85' lang='lat' dir='ltr'><strong>adhuc</strong></span> <span class='ocrx_word' id='word_1_216' title='bbox 2409 969 2736 1045; x_wconf 78' lang='lat' dir='ltr'><strong>norimus,</strong></span> <span class='ocrx_word' id='word_1_217' title='bbox 2778 973 3147 1035; x_wconf 84' lang='lat' dir='ltr'><strong>Aemiliano</strong></span> <span class='ocrx_word' id='word_1_218' title='bbox 3197 994 3424 1038; x_wconf 85' lang='lat' dir='ltr'><strong>mone·</strong></span> 
     </span>
     <span class='ocr_line' id='line_1_37' title="bbox 1930 1067 3427 1154; baseline 0.009 -28"><span class='ocrx_word' id='word_1_219' title='bbox 1930 1076 2062 1128; x_wconf 82' lang='lat' dir='ltr'><strong>tam</strong></span> <span class='ocrx_word' id='word_1_220' title='bbox 2096 1067 2588 1133; x_wconf 73' lang='lat' dir='ltr'><strong>dedicaverunt.</strong></span> <span class='ocrx_word' id='word_1_221' title='bbox 2631 1071 2794 1154; x_wconf 82' lang='lat' dir='ltr'><strong>Ejus</strong></span> <span class='ocrx_word' id='word_1_222' title='bbox 2819 1073 3011 1139; x_wconf 86' lang='lat' dir='ltr'><strong>binos</strong></span> <span class='ocrx_word' id='word_1_223' title='bbox 3038 1073 3220 1138; x_wconf 75' lang='lat' dir='ltr'><strong>dedit</strong></span> <span class='ocrx_word' id='word_1_224' title='bbox 3248 1076 3427 1143; x_wconf 88' lang='lat' dir='ltr'><strong>Vail·</strong></span> 
     </span>
     <span class='ocr_line' id='line_1_38' title="bbox 1928 1166 3424 1259; baseline 0.007 -31"><span class='ocrx_word' id='word_1_225' title='bbox 1928 1166 2193 1244; x_wconf 82' lang='lat' dir='ltr'><strong>lantius‚</strong></span> <span class='ocrx_word' id='word_1_226' title='bbox 2231 1170 2318 1234; x_wconf 89' lang='lat' dir='ltr'><strong>de</strong></span> <span class='ocrx_word' id='word_1_227' title='bbox 2348 1172 2584 1257; x_wconf 87' lang='lat' dir='ltr'><strong>quibus</strong></span> <span class='ocrx_word' id='word_1_228' title='bbox 2608 1187 2841 1257; x_wconf 82' lang='lat' dir='ltr'><strong>agetur</strong></span> <span class='ocrx_word' id='word_1_229' title='bbox 2866 1195 3021 1238; x_wconf 82' lang='lat' dir='ltr'><strong>mox</strong></span> <span class='ocrx_word' id='word_1_230' title='bbox 3050 1176 3116 1236; x_wconf 87' lang='lat' dir='ltr'><strong>in</strong></span> <span class='ocrx_word' id='word_1_231' title='bbox 3149 1174 3424 1259; x_wconf 82' lang='lat' dir='ltr'><strong>Supera.</strong></span> 
     </span>
    </p>

    <p class='ocr_par' dir='ltr' id='par_1_9' title="bbox 1930 1273 3426 1759">
     <span class='ocr_line' id='line_1_39' title="bbox 2064 1273 3422 1360; baseline 0.005 -28"><span class='ocrx_word' id='word_1_232' title='bbox 2064 1273 2473 1334; x_wconf 71' lang='lat' dir='ltr'><strong>Coloniarum</strong></span> <span class='ocrx_word' id='word_1_233' title='bbox 2520 1294 2756 1336; x_wconf 80' lang='lat' dir='ltr'><strong>numos</strong></span> <span class='ocrx_word' id='word_1_234' title='bbox 2802 1274 3121 1339; x_wconf 84' lang='lat' dir='ltr'><strong>habemus</strong></span> <span class='ocrx_word' id='word_1_235' title='bbox 3158 1277 3422 1360; x_wconf 80' lang='lat' dir='ltr'><strong>provin·</strong></span> 
     </span>
     <span class='ocr_line' id='line_1_40' title="bbox 1933 1369 3422 1461; baseline 0.005 -26"><span class='ocrx_word' id='word_1_236' title='bbox 1933 1369 2074 1435; x_wconf 73' lang='lat' dir='ltr'><strong>niae</strong></span> <span class='ocrx_word' id='word_1_237' title='bbox 2125 1372 2410 1449; x_wconf 77' lang='lat' dir='ltr'><strong>Daciae,</strong></span> <span class='ocrx_word' id='word_1_238' title='bbox 2473 1386 2542 1436; x_wconf 87' lang='lat' dir='ltr'><strong>et</strong></span> <span class='ocrx_word' id='word_1_239' title='bbox 2593 1373 2982 1451; x_wconf 85' lang='lat' dir='ltr'><strong>Viminacii,</strong></span> <span class='ocrx_word' id='word_1_240' title='bbox 3040 1377 3154 1461; x_wconf 83' lang='lat' dir='ltr'><strong>qui</strong></span> <span class='ocrx_word' id='word_1_241' title='bbox 3207 1379 3422 1443; x_wconf 82' lang='lat' dir='ltr'><strong>minus</strong></span> 
     </span>
     <span class='ocr_line' id='line_1_41' title="bbox 1930 1473 3426 1558; baseline 0.006 -25"><span class='ocrx_word' id='word_1_242' title='bbox 1930 1473 2104 1547; x_wconf 80' lang='lat' dir='ltr'><strong>rari,</strong></span> <span class='ocrx_word' id='word_1_243' title='bbox 2166 1474 2281 1535; x_wconf 86' lang='lat' dir='ltr'><strong>Dii</strong></span> <span class='ocrx_word' id='word_1_244' title='bbox 2316 1473 2776 1550; x_wconf 78' lang='lat' dir='ltr'><strong>Macedoniae,</strong></span> <span class='ocrx_word' id='word_1_245' title='bbox 2838 1476 3200 1558; x_wconf 82' lang='lat' dir='ltr'><strong>(Pellerin)</strong></span> <span class='ocrx_word' id='word_1_246' title='bbox 3244 1479 3426 1543; x_wconf 81' lang='lat' dir='ltr'><strong>Parii</strong></span> 
     </span>
     <span class='ocr_line' id='line_1_42' title="bbox 1932 1573 3425 1662; baseline 0.003 -26"><span class='ocrx_word' id='word_1_247' title='bbox 1932 1576 2218 1656; x_wconf 81' lang='lat' dir='ltr'><strong>Mysiae,</strong></span> <span class='ocrx_word' id='word_1_248' title='bbox 2282 1573 2541 1656; x_wconf 79' lang='lat' dir='ltr'><strong>(Maffei</strong></span> <span class='ocrx_word' id='word_1_249' title='bbox 2588 1576 2807 1662; x_wconf 78' lang='lat' dir='ltr'><strong>Antiq.</strong></span> <span class='ocrx_word' id='word_1_250' title='bbox 2857 1577 3031 1642; x_wconf 71' lang='lat' dir='ltr'><strong>Gall.</strong></span> <span class='ocrx_word' id='word_1_251' title='bbox 3068 1579 3425 1662; x_wconf 81' lang='lat' dir='ltr'><strong>Pellerin.)</strong></span> 
     </span>
     <span class='ocr_line' id='line_1_43' title="bbox 1930 1674 2680 1759; baseline -0.003 -21"><span class='ocrx_word' id='word_1_252' title='bbox 1930 1676 2262 1740; x_wconf 84' lang='lat' dir='ltr'><strong>Damasci.</strong></span> <span class='ocrx_word' id='word_1_253' title='bbox 2304 1674 2680 1759; x_wconf 85' lang='lat' dir='ltr'><strong>(Banduri.)</strong></span> 
     </span>
    </p>

    <p class='ocr_par' dir='ltr' id='par_1_10' title="bbox 1932 1764 3523 2275">
     <span class='ocr_line' id='line_1_44' title="bbox 2059 1764 3431 1864; baseline 0.005 -23"><span class='ocrx_word' id='word_1_254' title='bbox 2059 1764 2498 1841; x_wconf 65' lang='lat' dir='ltr'><strong>Alexandrini</strong></span> <span class='ocrx_word' id='word_1_255' title='bbox 2519 1775 2868 1864; x_wconf 78' lang='lat' dir='ltr'><strong>insigniter</strong></span> <span class='ocrx_word' id='word_1_256' title='bbox 2898 1780 3053 1845; x_wconf 84' lang='lat' dir='ltr'><strong>rari.</strong></span> <span class='ocrx_word' id='word_1_257' title='bbox 3089 1783 3306 1852; x_wconf 86' lang='lat' dir='ltr'><strong>Vnum</strong></span> <span class='ocrx_word' id='word_1_258' title='bbox 3338 1784 3431 1848; x_wconf 84' lang='lat' dir='ltr'><strong>ci-</strong></span> 
     </span>
     <span class='ocr_line' id='line_1_45' title="bbox 1932 1878 3428 1965; baseline 0.007 -24"><span class='ocrx_word' id='word_1_259' title='bbox 1932 1889 2026 1941; x_wconf 85' lang='lat' dir='ltr'><strong>tat</strong></span> <span class='ocrx_word' id='word_1_260' title='bbox 2073 1879 2427 1963; x_wconf 79' lang='lat' dir='ltr'><strong>Arigonius</strong></span> <span class='ocrx_word' id='word_1_261' title='bbox 2470 1878 2859 1965; x_wconf 83' lang='lat' dir='ltr'><strong>inscriptum</strong></span> <span class='ocrx_word' id='word_1_262' title='bbox 2894 1884 2974 1948; x_wconf 81' lang='lat'><strong>1..</strong></span> <span class='ocrx_word' id='word_1_263' title='bbox 3007 1885 3087 1948; x_wconf 78' lang='lat' dir='ltr'><strong>A.</strong></span> <span class='ocrx_word' id='word_1_264' title='bbox 3122 1884 3428 1951; x_wconf 78' lang='lat' dir='ltr'><strong>Alterum</strong></span> 
     </span>
     <span class='ocr_line' id='line_1_46' title="bbox 1932 1979 3429 2069; baseline 0.007 -30"><span class='ocrx_word' id='word_1_265' title='bbox 1932 1979 2346 2054; x_wconf 84' lang='lat' dir='ltr'><strong>Bandurius‚</strong></span> <span class='ocrx_word' id='word_1_266' title='bbox 2410 1979 2531 2042; x_wconf 83' lang='lat' dir='ltr'><strong>sed</strong></span> <span class='ocrx_word' id='word_1_267' title='bbox 2585 2004 2622 2044; x_wconf 90' lang='lat' dir='ltr'><strong>a</strong></span> <span class='ocrx_word' id='word_1_268' title='bbox 2684 2000 2756 2044; x_wconf 91' lang='lat' dir='ltr'><strong>se</strong></span> <span class='ocrx_word' id='word_1_269' title='bbox 2799 2000 2932 2045; x_wconf 82' lang='lat' dir='ltr'><strong>non</strong></span> <span class='ocrx_word' id='word_1_270' title='bbox 2976 1997 3429 2069; x_wconf 81' lang='lat' dir='ltr'><strong>conspectum,</strong></span> 
     </span>
     <span class='ocr_line' id='line_1_47' title="bbox 1936 2080 3523 2171; baseline 0.006 -26"><span class='ocrx_word' id='word_1_271' title='bbox 1936 2102 2019 2145; x_wconf 83' lang='lat' dir='ltr'><strong>ex</strong></span> <span class='ocrx_word' id='word_1_272' title='bbox 2066 2082 2330 2146; x_wconf 86' lang='lat' dir='ltr'><strong>schedis</strong></span> <span class='ocrx_word' id='word_1_273' title='bbox 2373 2080 2715 2147; x_wconf 78' lang='lat' dir='ltr'><strong>Vaillantii</strong></span> <span class='ocrx_word' id='word_1_274' title='bbox 2751 2101 2900 2145; x_wconf 89' lang='lat' dir='ltr'><strong>cum</strong></span> <span class='ocrx_word' id='word_1_275' title='bbox 2947 2085 3310 2170; x_wconf 80' lang='lat' dir='ltr'><strong>epigraphe</strong></span> <span class='ocrx_word' id='word_1_276' title='bbox 3342 2084 3433 2157; x_wconf 80' lang='lat' dir='ltr'><strong>L.</strong></span> <span class='ocrx_word' id='word_1_277' title='bbox 3510 2148 3523 2171; x_wconf 79' lang='grc'>,</span> 
     </span>
     <span class='ocr_line' id='line_1_48' title="bbox 1933 2178 3436 2275; baseline 0.005 -31"><span class='ocrx_word' id='word_1_278' title='bbox 1933 2186 2010 2245; x_wconf 91' lang='grc' dir='ltr'><strong>Β.</strong></span> <span class='ocrx_word' id='word_1_279' title='bbox 2044 2179 2131 2263; x_wconf 80' lang='lat' dir='ltr'><strong>b).</strong></span> <span class='ocrx_word' id='word_1_280' title='bbox 2175 2183 2280 2245; x_wconf 87' lang='lat' dir='ltr'><strong>De</strong></span> <span class='ocrx_word' id='word_1_281' title='bbox 2332 2181 2477 2265; x_wconf 87' lang='lat' dir='ltr'><strong>ejus</strong></span> <span class='ocrx_word' id='word_1_282' title='bbox 2512 2178 2645 2245; x_wconf 84' lang='lat' dir='ltr'><strong>fida</strong></span> <span class='ocrx_word' id='word_1_283' title='bbox 2691 2183 3070 2275; x_wconf 69' lang='lat' dir='ltr'><strong>subdubitat</strong></span> <span class='ocrx_word' id='word_1_284' title='bbox 3114 2186 3298 2270; x_wconf 84' lang='lat' dir='ltr'><strong>ipse,</strong></span> <span class='ocrx_word' id='word_1_285' title='bbox 3337 2202 3436 2252; x_wconf 75' lang='lat' dir='ltr'><strong>ta·</strong></span> 
     </span>
    </p>
   </div>
   <div class='ocr_carea' id='block_1_8' title="bbox 1935 2283 3549 2355">
    <p class='ocr_par' dir='ltr' id='par_1_11' title="bbox 1935 2283 3549 2355">
     <span class='ocr_line' id='line_1_49' title="bbox 1935 2283 3549 2355; baseline 0.006 -9"><span class='ocrx_word' id='word_1_286' title='bbox 1935 2302 2087 2346; x_wconf 85' lang='lat' dir='ltr'><strong>men</strong></span> <span class='ocrx_word' id='word_1_287' title='bbox 2152 2295 2218 2346; x_wconf 90' lang='lat' dir='ltr'><strong>et</strong></span> <span class='ocrx_word' id='word_1_288' title='bbox 2279 2283 2446 2347; x_wconf 84' lang='lat' dir='ltr'><strong>alius</strong></span> <span class='ocrx_word' id='word_1_289' title='bbox 2505 2284 2739 2345; x_wconf 85' lang='lat' dir='ltr'><strong>similis</strong></span> <span class='ocrx_word' id='word_1_290' title='bbox 2783 2304 2933 2348; x_wconf 87' lang='lat' dir='ltr'><strong>cum</strong></span> <span class='ocrx_word' id='word_1_291' title='bbox 2977 2287 3215 2352; x_wconf 87' lang='lat' dir='ltr'><strong>eodem</strong></span> <span class='ocrx_word' id='word_1_292' title='bbox 3258 2308 3431 2355; x_wconf 82' lang='lat' dir='ltr'><strong>anuo</strong></span> <span class='ocrx_word' id='word_1_293' title='bbox 3538 2312 3549 2327; x_wconf 93' lang='lat'>·</span> 
     </span>
    </p>
   </div>
   <div class='ocr_carea' id='block_1_9' title="bbox 1935 2384 3440 3387">
    <p class='ocr_par' dir='ltr' id='par_1_12' title="bbox 1935 2384 3440 3387">
     <span class='ocr_line' id='line_1_50' title="bbox 1936 2384 3439 2472; baseline 0.007 -26"><span class='ocrx_word' id='word_1_294' title='bbox 1936 2384 2150 2447; x_wconf 86' lang='lat' dir='ltr'><strong>editus</strong></span> <span class='ocrx_word' id='word_1_295' title='bbox 2196 2398 2298 2447; x_wconf 83' lang='lat' dir='ltr'><strong>est</strong></span> <span class='ocrx_word' id='word_1_296' title='bbox 2341 2407 2376 2447; x_wconf 85' lang='lat' dir='ltr'><strong>a</strong></span> <span class='ocrx_word' id='word_1_297' title='bbox 2410 2385 2722 2470; x_wconf 88' lang='lat' dir='ltr'><strong>Philippo</strong></span> <span class='ocrx_word' id='word_1_298' title='bbox 2765 2385 3157 2459; x_wconf 79' lang='lat' dir='ltr'><strong>deVeuutis</strong></span> <span class='ocrx_word' id='word_1_299' title='bbox 3186 2394 3274 2472; x_wconf 72' lang='lat'><strong>0),</strong></span> <span class='ocrx_word' id='word_1_300' title='bbox 3317 2391 3439 2456; x_wconf 79' lang='lat' dir='ltr'><strong>ali·</strong></span> 
     </span>
     <span class='ocr_line' id='line_1_51' title="bbox 1937 2486 3435 2571; baseline 0.006 -23"><span class='ocrx_word' id='word_1_301' title='bbox 1937 2508 2015 2549; x_wconf 87' lang='lat' dir='ltr'><strong>us</strong></span> <span class='ocrx_word' id='word_1_302' title='bbox 2048 2509 2085 2549; x_wconf 83' lang='lat' dir='ltr'><strong>a</strong></span> <span class='ocrx_word' id='word_1_303' title='bbox 2116 2486 2200 2549; x_wconf 87' lang='lat' dir='ltr'><strong>cl.</strong></span> <span class='ocrx_word' id='word_1_304' title='bbox 2233 2489 2457 2570; x_wconf 83' lang='lat' dir='ltr'><strong>Zoega</strong></span> <span class='ocrx_word' id='word_1_305' title='bbox 2499 2506 2583 2548; x_wconf 83' lang='lat' dir='ltr'><strong>ex</strong></span> <span class='ocrx_word' id='word_1_306' title='bbox 2614 2507 2842 2550; x_wconf 78' lang='lat' dir='ltr'><strong>museo</strong></span> <span class='ocrx_word' id='word_1_307' title='bbox 2867 2490 3049 2571; x_wconf 82' lang='lat' dir='ltr'><strong>regis</strong></span> <span class='ocrx_word' id='word_1_308' title='bbox 3083 2492 3256 2559; x_wconf 80' lang='lat' dir='ltr'><strong>Gall.</strong></span> <span class='ocrx_word' id='word_1_309' title='bbox 3286 2491 3435 2557; x_wconf 80' lang='lat' dir='ltr'><strong>Dif-</strong></span> 
     </span>
     <span class='ocr_line' id='line_1_52' title="bbox 1937 2584 3438 2662; baseline 0.006 -14"><span class='ocrx_word' id='word_1_310' title='bbox 1937 2584 2118 2651; x_wconf 85' lang='lat' dir='ltr'><strong>ficile</strong></span> <span class='ocrx_word' id='word_1_311' title='bbox 2178 2599 2317 2662; x_wconf 87' lang='lat' dir='ltr'><strong>est,</strong></span> <span class='ocrx_word' id='word_1_312' title='bbox 2363 2607 2601 2650; x_wconf 88' lang='lat' dir='ltr'><strong>aunum</strong></span> <span class='ocrx_word' id='word_1_313' title='bbox 2645 2588 2705 2651; x_wconf 75' lang='lat' dir='ltr'>A</span> <span class='ocrx_word' id='word_1_314' title='bbox 2746 2608 2895 2651; x_wconf 88' lang='lat' dir='ltr'><strong>cum</strong></span> <span class='ocrx_word' id='word_1_315' title='bbox 2938 2590 3215 2656; x_wconf 84' lang='lat' dir='ltr'><strong>historia</strong></span> <span class='ocrx_word' id='word_1_316' title='bbox 3258 2585 3438 2659; x_wconf 83' lang='lat' dir='ltr'><strong>com·</strong></span> 
     </span>
     <span class='ocr_line' id='line_1_53' title="bbox 1940 2692 3437 2775; baseline 0.007 -26"><span class='ocrx_word' id='word_1_317' title='bbox 1940 2706 2225 2771; x_wconf 83' lang='lat' dir='ltr'><strong>ponere3</strong></span> <span class='ocrx_word' id='word_1_318' title='bbox 2284 2708 2433 2749; x_wconf 85' lang='lat' dir='ltr'><strong>nam</strong></span> <span class='ocrx_word' id='word_1_319' title='bbox 2495 2709 2627 2773; x_wconf 85' lang='lat' dir='ltr'><strong>quo</strong></span> <span class='ocrx_word' id='word_1_320' title='bbox 2680 2703 2983 2775; x_wconf 85' lang='lat' dir='ltr'><strong>tempore</strong></span> <span class='ocrx_word' id='word_1_321' title='bbox 3041 2692 3112 2754; x_wconf 90' lang='lat' dir='ltr'><strong>in</strong></span> <span class='ocrx_word' id='word_1_322' title='bbox 3152 2693 3437 2760; x_wconf 81' lang='lat' dir='ltr'><strong>Alexan&#39;·</strong></span> 
     </span>
     <span class='ocr_line' id='line_1_54' title="bbox 1941 2788 3439 2861; baseline 0.007 -11"><span class='ocrx_word' id='word_1_323' title='bbox 1941 2788 2283 2851; x_wconf 86' lang='lat' dir='ltr'><strong>drinorum</strong></span> <span class='ocrx_word' id='word_1_324' title='bbox 2312 2790 2573 2853; x_wconf 85' lang='lat' dir='ltr'><strong>calculo</strong></span> <span class='ocrx_word' id='word_1_325' title='bbox 2604 2790 2953 2854; x_wconf 80' lang='lat' dir='ltr'><strong>Aemiliani</strong></span> <span class='ocrx_word' id='word_1_326' title='bbox 2987 2813 3194 2858; x_wconf 82' lang='lat' dir='ltr'><strong>annus</strong></span> <span class='ocrx_word' id='word_1_327' title='bbox 3226 2799 3278 2861; x_wconf 89' lang='lat'><strong>1.</strong></span> <span class='ocrx_word' id='word_1_328' title='bbox 3312 2794 3439 2861; x_wconf 79' lang='lat' dir='ltr'><strong>ssu-</strong></span> 
     </span>
     <span class='ocr_line' id='line_1_55' title="bbox 1939 2889 3440 2973; baseline 0.009 -25"><span class='ocrx_word' id='word_1_329' title='bbox 1939 2891 2070 2967; x_wconf 81' lang='lat' dir='ltr'><strong>xit,</strong></span> <span class='ocrx_word' id='word_1_330' title='bbox 2128 2889 2438 2973; x_wconf 78' lang='lat' dir='ltr'><strong>Aegyptii</strong></span> <span class='ocrx_word' id='word_1_331' title='bbox 2493 2889 2708 2953; x_wconf 84' lang='lat' dir='ltr'><strong>adhuc</strong></span> <span class='ocrx_word' id='word_1_332' title='bbox 2762 2891 3125 2963; x_wconf 77' lang='lat' dir='ltr'><strong>adhaesere</strong></span> <span class='ocrx_word' id='word_1_333' title='bbox 3182 2896 3440 2963; x_wconf 80' lang='lat' dir='ltr'><strong>Trebo-</strong></span> 
     </span>
     <span class='ocr_line' id='line_1_56' title="bbox 1935 2988 3440 3084; baseline 0.007 -31"><span class='ocrx_word' id='word_1_334' title='bbox 1935 2990 2168 3069; x_wconf 84' lang='lat' dir='ltr'><strong>niano,</strong></span> <span class='ocrx_word' id='word_1_335' title='bbox 2206 2990 2381 3076; x_wconf 87' lang='lat' dir='ltr'><strong>quod</strong></span> <span class='ocrx_word' id='word_1_336' title='bbox 2417 2988 2661 3054; x_wconf 82' lang='lat' dir='ltr'><strong>docent</strong></span> <span class='ocrx_word' id='word_1_337' title='bbox 2692 2990 2888 3075; x_wconf 84' lang='lat' dir='ltr'><strong>hujus</strong></span> <span class='ocrx_word' id='word_1_338' title='bbox 2918 2994 3104 3059; x_wconf 82' lang='lat' dir='ltr'><strong>numi</strong></span> <span class='ocrx_word' id='word_1_339' title='bbox 3134 2995 3440 3084; x_wconf 85' lang='lat' dir='ltr'><strong>inseripti</strong></span> 
     </span>
     <span class='ocr_line' id='line_1_57' title="bbox 1938 3082 3438 3177; baseline 0.007 -22"><span class='ocrx_word' id='word_1_340' title='bbox 1938 3094 2018 3156; x_wconf 81' lang='lat'><strong>1..</strong></span> <span class='ocrx_word' id='word_1_341' title='bbox 2053 3086 2170 3168; x_wconf 60' lang='lat'><strong>12,</strong></span> <span class='ocrx_word' id='word_1_342' title='bbox 2215 3110 2385 3177; x_wconf 82' lang='lat' dir='ltr'><strong>quae</strong></span> <span class='ocrx_word' id='word_1_343' title='bbox 2429 3113 2624 3156; x_wconf 87' lang='lat' dir='ltr'><strong>causa</strong></span> <span class='ocrx_word' id='word_1_344' title='bbox 2669 3105 2811 3169; x_wconf 80' lang='lat' dir='ltr'><strong>est,</strong></span> <span class='ocrx_word' id='word_1_345' title='bbox 2855 3113 2976 3156; x_wconf 86' lang='lat' dir='ltr'><strong>eur</strong></span> <span class='ocrx_word' id='word_1_346' title='bbox 3017 3082 3245 3163; x_wconf 71' lang='lat' dir='ltr'><strong>lubeat</strong></span> <span class='ocrx_word' id='word_1_347' title='bbox 3284 3117 3438 3165; x_wconf 76' lang='lat' dir='ltr'><strong>eue-</strong></span> 
     </span>
     <span class='ocr_line' id='line_1_58' title="bbox 1939 3191 3438 3284; baseline 0.005 -28"><span class='ocrx_word' id='word_1_348' title='bbox 1939 3191 2191 3256; x_wconf 81' lang='lat' dir='ltr'><strong>toritati</strong></span> <span class='ocrx_word' id='word_1_349' title='bbox 2231 3192 2570 3277; x_wconf 75' lang='lat' dir='ltr'><strong>Arigonii,</strong></span> <span class='ocrx_word' id='word_1_350' title='bbox 2627 3192 2741 3279; x_wconf 86' lang='lat' dir='ltr'><strong>qui</strong></span> <span class='ocrx_word' id='word_1_351' title='bbox 2782 3214 2952 3256; x_wconf 83' lang='lat' dir='ltr'><strong>unus</strong></span> <span class='ocrx_word' id='word_1_352' title='bbox 2993 3196 3190 3280; x_wconf 83' lang='lat' dir='ltr'><strong>hujus</strong></span> <span class='ocrx_word' id='word_1_353' title='bbox 3233 3218 3438 3284; x_wconf 79' lang='lat' dir='ltr'><strong>gene·</strong></span> 
     </span>
     <span class='ocr_line' id='line_1_59' title="bbox 1936 3293 3439 3387; baseline 0.005 -29"><span class='ocrx_word' id='word_1_354' title='bbox 1936 3294 2034 3358; x_wconf 82' lang='lat' dir='ltr'><strong>ris</strong></span> <span class='ocrx_word' id='word_1_355' title='bbox 2089 3315 2363 3357; x_wconf 85' lang='lat' dir='ltr'><strong>numum</strong></span> <span class='ocrx_word' id='word_1_356' title='bbox 2416 3293 2743 3379; x_wconf 75' lang='lat' dir='ltr'><strong>vulgavit,</strong></span> <span class='ocrx_word' id='word_1_357' title='bbox 2806 3293 3142 3367; x_wconf 84' lang='lat' dir='ltr'><strong>diffidere.</strong></span> <span class='ocrx_word' id='word_1_358' title='bbox 3200 3301 3439 3387; x_wconf 79' lang='lat' dir='ltr'><strong>Neque</strong></span> 
     </span>
    </p>
   </div>
   <div class='ocr_carea' id='block_1_10' title="bbox 1939 3393 3553 3481">
    <p class='ocr_par' dir='ltr' id='par_1_13' title="bbox 1939 3393 3553 3481">
     <span class='ocr_line' id='line_1_60' title="bbox 1939 3393 3553 3481; baseline 0.006 -22"><span class='ocrx_word' id='word_1_359' title='bbox 1939 3397 2092 3481; x_wconf 88' lang='lat' dir='ltr'><strong>plus</strong></span> <span class='ocrx_word' id='word_1_360' title='bbox 2121 3393 2281 3461; x_wconf 84' lang='lat' dir='ltr'><strong>fidei</strong></span> <span class='ocrx_word' id='word_1_361' title='bbox 2303 3394 2567 3461; x_wconf 84' lang='lat' dir='ltr'><strong>videtur</strong></span> <span class='ocrx_word' id='word_1_362' title='bbox 2589 3398 2963 3480; x_wconf 87' lang='lat' dir='ltr'><strong>promereri</strong></span> <span class='ocrx_word' id='word_1_363' title='bbox 2979 3419 3216 3465; x_wconf 85' lang='lat' dir='ltr'><strong>numus</strong></span> <span class='ocrx_word' id='word_1_364' title='bbox 3238 3402 3438 3467; x_wconf 84' lang='lat' dir='ltr'><strong>Corn.</strong></span> <span class='ocrx_word' id='word_1_365' title='bbox 3474 3404 3481 3409; x_wconf 77' lang='grc'><strong>’</strong></span> <span class='ocrx_word' id='word_1_366' title='bbox 3542 3467 3553 3478; x_wconf 77' lang='grc'><em>,</em></span> 
     </span>
    </p>
   </div>
   <div class='ocr_carea' id='block_1_11' title="bbox 1943 3495 3440 3586">
    <p class='ocr_par' dir='ltr' id='par_1_14' title="bbox 1943 3495 3440 3586">
     <span class='ocr_line' id='line_1_61' title="bbox 1943 3495 3440 3586; baseline 0.005 -24"><span class='ocrx_word' id='word_1_367' title='bbox 1943 3499 2263 3584; x_wconf 75' lang='lat' dir='ltr'><strong>Superae</strong></span> <span class='ocrx_word' id='word_1_368' title='bbox 2302 3515 2491 3575; x_wconf 52' lang='lat' dir='ltr'><strong>cum„</strong></span> <span class='ocrx_word' id='word_1_369' title='bbox 2513 3495 2751 3562; x_wconf 85' lang='lat' dir='ltr'><strong>eodem</strong></span> <span class='ocrx_word' id='word_1_370' title='bbox 2795 3518 2998 3577; x_wconf 81' lang='lat' dir='ltr'><strong>anno,</strong></span> <span class='ocrx_word' id='word_1_371' title='bbox 3042 3522 3236 3586; x_wconf 87' lang='lat' dir='ltr'><strong>quem</strong></span> <span class='ocrx_word' id='word_1_372' title='bbox 3282 3523 3440 3573; x_wconf 79' lang='lat' dir='ltr'><strong>mox</strong></span> 
     </span>
    </p>
   </div>
   <div class='ocr_carea' id='block_1_12' title="bbox 1939 3602 3438 3770">
    <p class='ocr_par' dir='ltr' id='par_1_15' title="bbox 1939 3602 3438 3770">
     <span class='ocr_line' id='line_1_62' title="bbox 1939 3602 3438 3687; baseline 0.005 -24"><span class='ocrx_word' id='word_1_373' title='bbox 1939 3617 2410 3684; x_wconf 85' lang='lat' dir='ltr'><strong>proponemus,</strong></span> <span class='ocrx_word' id='word_1_374' title='bbox 2445 3617 2775 3685; x_wconf 80' lang='lat' dir='ltr'><strong>quemque</strong></span> <span class='ocrx_word' id='word_1_375' title='bbox 2799 3616 3069 3687; x_wconf 84' lang='lat' dir='ltr'><strong>praeter</strong></span> <span class='ocrx_word' id='word_1_376' title='bbox 3097 3602 3438 3671; x_wconf 69' lang='lat' dir='ltr'><strong>maffeium</strong></span> 
     </span>
     <span class='ocr_line' id='line_1_63' title="bbox 1940 3697 2836 3770; baseline 0.007 -7"><span class='ocrx_word' id='word_1_377' title='bbox 1940 3719 2140 3765; x_wconf 85' lang='lat' dir='ltr'><strong>nemo</strong></span> <span class='ocrx_word' id='word_1_378' title='bbox 2180 3700 2351 3765; x_wconf 82' lang='lat' dir='ltr'><strong>alius</strong></span> <span class='ocrx_word' id='word_1_379' title='bbox 2392 3698 2609 3767; x_wconf 81' lang='lat' dir='ltr'><strong>adhue</strong></span> <span class='ocrx_word' id='word_1_380' title='bbox 2648 3697 2836 3770; x_wconf 77' lang='lat' dir='ltr'><strong>vidit.</strong></span> 
     </span>
    </p>
   </div>
   <div class='ocr_carea' id='block_1_13' title="bbox 744 4012 2834 4604">
    <p class='ocr_par' dir='ltr' id='par_1_16' title="bbox 744 4012 2834 4604">
     <span class='ocr_line' id='line_1_64' title="bbox 1634 4012 2145 4099; baseline -0.006 -2"><span class='ocrx_word' id='word_1_381' title='bbox 1634 4033 1761 4099; x_wconf 72' lang='lat'><strong>1³12</strong></span> <span class='ocrx_word' id='word_1_382' title='bbox 1777 4035 1838 4096; x_wconf 73' lang='grc' dir='ltr'><em>Ε</em></span> <span class='ocrx_word' id='word_1_383' title='bbox 1861 4012 2145 4097; x_wconf 66' lang='lat' dir='ltr'><strong>TJVM.</strong></span> 
     </span>
     <span class='ocr_line' id='line_1_65' title="bbox 744 4233 1443 4304; baseline -0.013 0"><span class='ocrx_word' id='word_1_384' title='bbox 744 4237 1083 4304; x_wconf 65' lang='lat' dir='ltr'><strong>Comaei:</strong></span> <span class='ocrx_word' id='word_1_385' title='bbox 1126 4233 1404 4299; x_wconf 69' lang='lat' dir='ltr'><strong>Romani</strong></span> <span class='ocrx_word' id='word_1_386' title='bbox 1416 4254 1443 4296; x_wconf 79' lang='lat'><strong>.-</strong></span> 
     </span>
     <span class='ocr_line' id='line_1_66' title="bbox 934 4328 2834 4401; baseline -0.004 0"><span class='ocrx_word' id='word_1_387' title='bbox 934 4333 1143 4401; x_wconf 76' lang='lat' dir='ltr'><strong>Aurei</strong></span> <span class='ocrx_word' id='word_1_388' title='bbox 1279 4369 2483 4400; x_wconf 86' lang='grc'><strong>............</strong></span> <span class='ocrx_word' id='word_1_389' title='bbox 2565 4328 2834 4394; x_wconf 76' lang='lat' dir='ltr'><strong>RRRR.</strong></span> 
     </span>
     <span class='ocr_line' id='line_1_67' title="bbox 833 4429 2642 4520; baseline -0.002 -21"><span class='ocrx_word' id='word_1_390' title='bbox 833 4450 842 4457; x_wconf 85' lang='grc'><em>·</em></span> <span class='ocrx_word' id='word_1_391' title='bbox 932 4433 1260 4520; x_wconf 70' lang='lat' dir='ltr'><strong>Arssentei</strong></span> <span class='ocrx_word' id='word_1_392' title='bbox 1345 4470 2480 4513; x_wconf 26' lang='lat'><strong>............</strong></span> <span class='ocrx_word' id='word_1_393' title='bbox 2567 4429 2642 4496; x_wconf 89' lang='lat' dir='ltr'><strong>C.</strong></span> 
     </span>
     <span class='ocr_line' id='line_1_68' title="bbox 935 4518 2650 4604; baseline -0.003 -2"><span class='ocrx_word' id='word_1_394' title='bbox 935 4536 1149 4603; x_wconf 62' lang='lat' dir='ltr'>Aeaei</span> <span class='ocrx_word' id='word_1_395' title='bbox 1188 4538 1242 4601; x_wconf 71' lang='grc' dir='ltr'><strong>Ι.</strong></span> <span class='ocrx_word' id='word_1_396' title='bbox 1284 4518 1541 4601; x_wconf 55' lang='grc' dir='ltr'><strong><em>ίοΐωᾶό</em></strong></span> <span class='ocrx_word' id='word_1_397' title='bbox 1605 4577 1627 4598; x_wconf 77' lang='grc' dir='ltr'><strong><em>ο</em></strong></span> <span class='ocrx_word' id='word_1_398' title='bbox 1713 4577 1734 4598; x_wconf 79' lang='grc' dir='ltr'><strong><em>ο</em></strong></span> <span class='ocrx_word' id='word_1_399' title='bbox 1824 4578 1848 4602; x_wconf 76' lang='grc' dir='ltr'><strong><em>ο</em></strong></span> <span class='ocrx_word' id='word_1_400' title='bbox 1927 4576 1952 4601; x_wconf 73' lang='lat'>0</span> <span class='ocrx_word' id='word_1_401' title='bbox 1994 4518 2056 4600; x_wconf 53' lang='grc' dir='ltr'><strong>,ο</strong></span> <span class='ocrx_word' id='word_1_402' title='bbox 2139 4577 2165 4604; x_wconf 76' lang='lat' dir='ltr'><strong>o</strong></span> <span class='ocrx_word' id='word_1_403' title='bbox 2191 4519 2206 4532; x_wconf 78' lang='lat'><strong><em>‘</em></strong></span> <span class='ocrx_word' id='word_1_404' title='bbox 2249 4575 2273 4600; x_wconf 76' lang='lat' dir='ltr'><strong>o</strong></span> <span class='ocrx_word' id='word_1_405' title='bbox 2357 4575 2378 4595; x_wconf 76' lang='grc' dir='ltr'><strong>ο</strong></span> <span class='ocrx_word' id='word_1_406' title='bbox 2460 4572 2485 4597; x_wconf 73' lang='lat' dir='ltr'><strong>o</strong></span> <span class='ocrx_word' id='word_1_407' title='bbox 2565 4534 2650 4597; x_wconf 74' lang='lat' dir='ltr'><strong>R·</strong></span> 
     </span>
    </p>
   </div>
   <div class='ocr_carea' id='block_1_14' title="bbox 351 4676 3434 4714">
    <p class='ocr_par' dir='ltr' id='par_1_17' title="bbox 351 4676 3434 4714">
     <span class='ocr_line' id='line_1_69' title="bbox 351 4676 3434 4714; baseline 0.004 -16"><span class='ocrx_word' id='word_1_408' title='bbox 351 4676 3434 4714; x_wconf 49' lang='lat' dir='ltr'><strong>..m—m</strong></span> 
     </span>
    </p>
   </div>
   <div class='ocr_carea' id='block_1_15' title="bbox 393 4732 3435 4829">
    <p class='ocr_par' dir='ltr' id='par_1_18' title="bbox 393 4708 3435 4829">
     <span class='ocr_line' id='line_1_70' title="bbox 393 4732 3435 4829; baseline -0.002 -15"><span class='ocrx_word' id='word_1_409' title='bbox 393 4760 470 4829; x_wconf 51' lang='grc' dir='ltr'><strong>μ)</strong></span> <span class='ocrx_word' id='word_1_410' title='bbox 507 4753 658 4815; x_wconf 75' lang='lat' dir='ltr'><strong>nist.</strong></span> <span class='ocrx_word' id='word_1_411' title='bbox 695 4752 846 4826; x_wconf 73' lang='lat' dir='ltr'><strong>Aug.</strong></span> <span class='ocrx_word' id='word_1_412' title='bbox 881 4756 1090 4829; x_wconf 75' lang='lat' dir='ltr'><strong>p.257.</strong></span> <span class='ocrx_word' id='word_1_413' title='bbox 1198 4746 1274 4821; x_wconf 84' lang='lat' dir='ltr'><strong>b)</strong></span> <span class='ocrx_word' id='word_1_414' title='bbox 1303 4746 1572 4821; x_wconf 75' lang='lat' dir='ltr'><strong>Pag.545</strong></span> <span class='ocrx_word' id='word_1_415' title='bbox 1605 4732 1671 4807; x_wconf 81' lang='lat' dir='ltr'><strong>iu</strong></span> <span class='ocrx_word' id='word_1_416' title='bbox 1704 4742 2046 4812; x_wconf 63' lang='lat' dir='ltr'><strong>addendis.</strong></span> <span class='ocrx_word' id='word_1_417' title='bbox 2150 4747 2214 4823; x_wconf 81' lang='lat' dir='ltr'><strong>e)</strong></span> <span class='ocrx_word' id='word_1_418' title='bbox 2251 4742 2525 4807; x_wconf 73' lang='lat' dir='ltr'><strong>Duodea·</strong></span> <span class='ocrx_word' id='word_1_419' title='bbox 2562 4746 2835 4808; x_wconf 80' lang='lat' dir='ltr'><strong>nomism.</strong></span> <span class='ocrx_word' id='word_1_420' title='bbox 2866 4746 3131 4826; x_wconf 75' lang='lat' dir='ltr'><strong>exposit.</strong></span> <span class='ocrx_word' id='word_1_421' title='bbox 3168 4749 3435 4814; x_wconf 76' lang='lat' dir='ltr'><strong>Liburni.</strong></span> 
     </span>
    </p>
   </div>
  </div>
 </body>
</html>
