4475 5584
1025 450 1028 453 >
1087 422 1259 509 „³82
1345 426 1354 434 ·

1045 654 1052 659 .
1110 591 1320 674 Caput
1365 586 1378 639 '.
1396 590 1737 655 barbatum
1814 592 2105 656 velatum
2180 593 2598 678 prominente

1105 711 1282 774 pone
1327 691 1529 776 harpa
1572 693 1882 776 imposito
1928 714 2214 778 superne
2260 695 2485 779 globo,
2530 695 2600 757 in

1103 790 1359 874 jaspide
1394 795 1814 879 sanguinea„
1832 793 2006 857 edita
2049 794 2116 853 in
2159 797 2361 861 Mem.
2395 796 2596 860 Acad.

1102 893 1308 957 inser.
1348 898 1428 957 T.
1465 898 1515 958 1.
1554 917 1620 979 p.
1653 913 1799 979 279.
1823 895 2061 959 ,Simili
2105 898 2290 960 cultu
2339 917 2601 982 eompa-

1101 1007 1211 1057 ret
1251 994 1320 1068 in
1378 1015 1583 1059 numo
1626 995 2074 1061 Alexandrino
2118 996 2431 1075 Antonini
2471 997 2597 1074 Pii,

1103 1111 1302 1178 quem
1320 1097 1662 1180 eleganter
1681 1100 1966 1183 explicat
1983 1099 2485 1180 Barthelemyus
2517 1103 2598 1181 ⁸).

1101 1197 1180 1257 In
1210 1196 1341 1259 alio
1374 1198 1669 1279 ejusdem
1700 1200 1980 1284 Augusti
2001 1199 2447 1272 Alexandrino
2473 1216 2599 1266 stat

1102 1298 1411 1382 palliatus
1469 1300 1724 1370 velatus
1780 1320 1930 1362 cum
1989 1301 2191 1384 globo
2255 1324 2450 1386 supra
2495 1324 2599 1366 ca-

1101 1414 1224 1484 put
1269 1423 1318 1463 s.
1365 1400 1668 1484 harpam,
1732 1401 1796 1465 d.
1854 1403 2299 1480 crocodilum,
2358 1422 2599 1488 nempe

1099 1514 1178 1561 ut
1236 1500 1485 1584 aliquid
1540 1502 1813 1566 haberet
1866 1504 2174 1588 Aegyptii
2205 1500 2293 1583 ¹²).
2368 1507 2623 1589 Caput„

1101 1598 1283 1684 quod
1323 1600 1561 1686 jaspidi
1603 1606 1999 1690 insculptum
2048 1607 2205 1683 dixi,
2241 1606 2602 1669 Gallandus

1100 1701 1393 1766 adseruit
1436 1724 1627 1766 esse
1618 1707 1950 1785 Plutonis,
2003 1721 2066 1769 at
2110 1707 2288 1791 quod
2331 1707 2600 1807 mirere,

1099 1802 1636 1868 montfauconius
1680 1812 1772 1870 M.
1820 1807 2096 1869 Aurelii.
2173 1810 2386 1909 Quam
2433 1809 2598 1877 mira

1105 1917 1175 1965 et
1236 1903 1518 1969 absurda
1577 1908 1641 1968 in
1706 1927 1788 1969 eo
1844 1909 2087 1971 viderit
2143 1902 2596 1986 Baudelotius,

1099 2006 1289 2089 piget
1331 2001 1612 2070 referre.
1682 2011 1756 2068 ln
1802 2008 2087 2070 denariis
2133 2010 2427 2092 gentium
2465 2014 2600 2078 Ne·

1102 2107 1246 2170 riae
1282 2120 1349 2168 et
1379 2108 1632 2170 Noniae
1667 2107 1949 2172 habetur
1984 2124 2178 2192 caput
2210 2109 2459 2171 nudum
2491 2111 2601 2172 ad-

1104 2207 1241 2270 dita
1273 2227 1447 2290 pone
1485 2195 1708 2291 harpa.
1754 2208 1965 2303 Quam
2001 2211 2393 2274 inconcinne
2421 2213 2601 2279 Vail-

1101 2310 1348 2375 lautius
1391 2321 1460 2372 et
1499 2308 1992 2394 Havercampus
2017 2310 2204 2373 'illud
2248 2331 2393 2375 esse
2424 2311 2599 2374 Ditis

1103 2409 1623 2488 adfirmaverim,
1683 2411 1752 2473 in
1808 2431 2038 2474 eorum
2065 2413 2391 2487 ,examine
2437 2412 2595 2491 dixi,

1099 2513 1448 2588 restituto,
1487 2527 1559 2575 ut
1590 2514 1975 2597 oportebat,
2015 2514 2332 2591 Saturno,
2370 2528 2438 2578 et
2472 2529 2599 2578 sta-

1098 2611 1288 2675 bilita
1334 2635 1559 2691 causa,
1605 2627 1882 2697 propter
1924 2635 2117 2697 quam
2161 2614 2266 2678 his
2311 2616 2596 2680 denariis

1099 2728 1203 2776 cst
1235 2700 1479 2777 illatus.
1523 2716 1598 2776 ln
1636 2733 1964 2777 marmore
2005 2717 2375 2801 anaglypho
2422 2717 2596 2801 apud

1100 2815 1422 2899 Sponium
1453 2815 1512 2896 ο)
1546 2828 1756 2879 exstat
1795 2829 1990 2898 caput
2030 2816 2374 2880 barbatum
2419 2817 2595 2879 vela·

1061 2928 1236 3005 xmm
1281 2916 1588 2980 adstituta
1631 2902 1870 3001 harpa,
1917 2917 2038 2980 sed
2079 2939 2275 3002 quam
2308 2919 2593 3004 Sponius

1091 3019 1368 3082 invitam
1443 3019 1621 3082 inter
1699 3018 1876 3080 Solis
1952 3017 2263 3085 attributa
2333 3020 2588 3084 retulit.

1094 3121 1328 3204 Harpa
1396 3134 1681 3184 armatus
1741 3135 2082 3204 comparet
2142 3119 2462 3183 Saturnus
2520 3119 2590 3181 in

1097 3220 1306 3286 choro
1367 3237 1622 3305 septem
1693 3212 1972 3287 deorum
2041 3223 2490 3305 planetarum,
2552 3242 2592 3285 a

1096 3322 1335 3405 quibus
1403 3322 1855 3385 hebdomadae
1923 3320 2067 3384 dies
2138 3321 2406 3385 nomina
2476 3342 2592 3383 sua

1017 3474 1030 3481 ,
1097 3436 1250 3485 sunt
1291 3423 1568 3485 mutuati
1586 3442 1816 3507 ,·quos
1856 3423 2231 3507 propositos
2274 3420 2478 3484 habes
2520 3423 2591 3482 in

1091 3523 1383 3586 Picturis
1425 3523 2031 3587 Herculanensibus
2063 3523 2164 3604 d),
2209 3535 2278 3587 et
2313 3521 2380 3582 iu
2416 3519 2591 3585 The-

1079 3644 1174 3688 -ca
1216 3624 1403 3707 regia
1440 3624 1821 3699 calama-ia,
1859 3648 1896 3689 a
1930 3624 2166 3689 Iacobo
2195 3624 2589 3697 Martorello

1091 3736 1239 3788 toto
1277 3725 1665 3790 eruditionis
1699 3728 1846 3791 nisu
1889 3728 2247 3813 explicata.
2279 3726 2587 3811 Denique

1092 3827 1474 3911 complures
1520 3828 1782 3891 Saturni
1827 3828 2089 3913 effigies
2142 3825 2226 3892 ad
2267 3847 2591 3915 memora-

1091 3945 1231 3994 tum
1278 3951 1473 4016 supra
1504 3950 1758 4005 morem
1795 3943 2055 3995 exactas
2083 3929 2383 4014 reperies
2414 3926 2589 4013 apud

1087 4032 1675 4100 Winkelmannum
1706 4033 1793 4114 θ).
1947 4042 1950 4049 '

1214 4134 1890 4203 Animadvertendum
1926 4134 2058 4199 hoc
2095 4135 2251 4200 loco
2292 4147 2589 4221 praeter·

2259 406 3062 485 VALERIANVS.

2713 614 2828 670 ea,
2877 590 3140 656 Saturni
3181 590 3455 673 harpam
3498 587 3565 649 in
3611 586 3983 652 melioribus
4022 588 4153 653 anti·

2714 696 2977 781 quitatis
3036 688 3475 778 monumentis
3533 687 3872 765 formatam
3913 709 4043 753 esse
4079 690 4157 767 inf

2714 811 2848 859 star
2890 796 3170 879 hat-pac,
3233 811 3401 879 quae
3443 794 3695 855 Perseo
3741 790 3925 854 heroi
3961 791 4155 855 tribui·

2712 910 2862 973 tur,
2920 897 2989 957 in
3050 896 3237 958 binas
3296 894 3602 978 cuspides
3659 893 3978 968 exeuntis,
4032 906 4186 977 εἶπεν

2712 1017 2861 1061 rum
2896 1019 3024 1059 una
3060 1008 3406 1075 curvatur3
3442 996 3656 1060 rarius
3691 995 3885 1059 habet
3914 994 4155 1057 formam

2714 1096 2910 1161 cultri
2944 1096 3261 1181 simplicis
3295 1096 3642 1173 brevioris,
3679 1097 3798 1165 sed
3829 1096 4004 1176 hujus
4027 1113 4155 1179 quo-

2714 1219 2843 1284 que
2886 1213 3156 1265 curvata
3193 1199 3485 1283 cuspide.
3529 1198 3750 1261 Minus
3789 1197 3870 1261 ad
3902 1210 4153 1260 veterem

2712 1300 2991 1363 formam
3046 1313 3276 1363 exacta
3318 1314 3421 1363 est
3462 1297 3597 1362 falx
3641 1301 3708 1362 in
3753 1320 3944 1363 numo
3982 1300 4161 1359 Hera·

2713 1402 2898 1464 cleae
2943 1422 3091 1465 cum
3137 1401 3351 1492 capit-e
3394 1399 3777 1484 Elagabali,
3827 1419 4005 1484 quem
4043 1396 4156 1460 vul·

2712 1502 2890 1588 gavit
2931 1502 3201 1565 Patinus
3243 1499 3333 1582 f),
3376 1501 3447 1562 in
3488 1523 3621 1587 quo
3663 1501 3933 1586 fingitur
3971 1499 4154 1562 satur·

2710 1627 2833 1667 nus
2891 1605 3101 1668 alatus
3161 1600 3507 1686 gradiens,
3564 1616 3636 1667 et
3690 1616 3959 1685 utraque
3996 1620 4156 1663 mauu
4198 1682 4205 1691 ⁸

2711 1719 2946 1769 tenens
2999 1705 3241 1769 falcem
3299 1703 3592 1788 oblongo
3634 1703 3968 1766 manubrio
4006 1718 4155 1786 prae·

2712 1804 2908 1868 fixam
2945 1805 3086 1889 ejus
3117 1806 3312 1890 plane
3342 1804 3619 1882 formae,
3651 1827 3783 1889 qua
3808 1803 3993 1866 hodie
4018 1819 4155 1864 mes·

2714 1926 2899 1970 sores
2940 1907 3085 1969 ruri
3127 1926 3294 1990 opus
3335 1904 3560 1968 facere
3603 1903 3921 1977 videmus.
3973 1903 4157 1966 Enim·

2710 2027 2875 2073 vero
2934 2029 3084 2072 cum
3139 2027 3223 2071 ex
3277 2021 3637 2092 praecepto
3678 2005 3943 2091 Virgilii
3996 2023 4156 2088 opor·

2709 2122 2847 2172 teat
2904 2108 3259 2172 vinitorem
3317 2118 3511 2172 corvo
3553 2111 3832 2172 Satur-m·
3869 2111 4037 2169 dente
4069 2100 4157 2166 ad·

2711 2207 2990 2271 tondere
3070 2209 3274 2273 vitem
3305 2207 3405 2288 ε),
3477 2208 3949 2292 intelligimus,
4021 2206 4156 2268 hanc

2711 2307 2951 2373 falcem
2995 2308 3202 2397 fuisse
3245 2309 3388 2390 ejus
3431 2322 3744 2388 naturae,
3789 2324 3860 2374 ut
3902 2330 4018 2372 una
4052 2326 4157 2369 ma·
4193 2392 4199 2399 ι

2710 2431 2801 2472 nu
2843 2410 3041 2475 facile
3083 2423 3454 2495 regeretur.
3498 2414 3575 2473 In
3618 2415 3967 2496 argenteo}
3993 2425 4154 2494 quem

2712 2510 2920 2574 edidit
2951 2510 3303 2577 Morellius
3335 2513 3510 2575 inter
3541 2509 3873 2587 incertos,
3910 2531 4053 2596 quos
4081 2507 4155 2571 fa·

2711 2611 3041 2675 miliarum
3086 2613 3303 2674 numis
3336 2612 3404 2673 in
3439 2609 3573 2673 fine
3619 2610 3862 2691 adjecit
3890 2613 3977 2691 ι1),
4018 2609 4157 2694 capi·

2710 2713 2763 2774 ti
2793 2780 2797 2785 ,
2824 2712 3091 2775 Saturni
3161 2711 3517 2797 oblongior.
3588 2712 3888 2796 ejusdem
3941 2712 4153 2775 formae

2707 2812 2844 2875 falx
2904 2812 3313 2893 adstituitur‚
3376 2814 3537 2878 item
3590 2813 3660 2876 in
3707 2814 3980 2899 gemmis
4017 2808 4156 2895 apud

2705 2915 3085 2979 Mariettum
3131 2913 3218 2997 i)‚
3293 2929 3363 2979 et
3415 2914 3575 2978 'alia
3648 2915 3826 3001 apud
3899 2914 4156 2979 abbatem

2704 3017 3055 3082 Braccium
3083 3014 3177 3100 k),
3248 3019 3500 3087 Verum
3544 3016 3709 3080 haec
3758 3026 4153 3089 monumenta,

2706 3118 2834 3182 etsi
2905 3120 3171 3205 antiqua
3244 3119 3514 3194 demus,
3581 3119 3972 3183 recentioris
4033 3126 4156 3182 sunt

2704 3219 2852 3301 aevi
2870 3263 2888 3296 ,
2934 3233 3003 3282 et
3034 3217 3212 3283 forte
3242 3218 3481 3282 horum
3512 3219 3833 3305 pleraque
3872 3219 4037 3283 artis.
4043 3234 4157 3280 mo-

2705 3321 3133 3386 darnae.1n
3175 3319 3462 3383 denariis
3504 3323 3805 3403 gentium
3846 3318 4154 3385 Memmios

2704 3435 2773 3486 et
2831 3421 3154 3486 Serviliae
3211 3406 3614 3506 Caepionum
3673 3423 3937 3487 Saturni
3986 3420 4157 3502 harpa

2704 3537 2807 3587 est
2834 3524 3043 3585 instar
3076 3522 3324 3585 cultri'
3304 3522 3562 3587 incurvi
3589 3525 3859 3601 serrati,
3891 3543 4001 3586 aen
4028 3519 4157 3583 den·

2702 3625 2839 3689 tati.
2881 3623 3168 3694 Videtur
3210 3623 3376 3689 haec
3416 3622 3632 3688 forma
3675 3626 3964 3688 omnium
3999 3634 4154 3688 vetu-

2702 3725 3005 3790 stissima.
3064 3727 3197 3790 Iam
3242 3725 3419 3789 enim
3461 3725 3796 3797 Hesiodus
3840 3746 3977 3790 eam
4016 3722 4154 3787 dixit

2700 3820 3201 3913 καρχαροδοντα,
3233 3827 3304 3890 id
3336 3841 3469 3891 est:
3504 3825 3747 3891 falcem
3773 3832 4010 3909 asper-is
4029 3831 4153 3889 deu·

2701 3934 2872 3994 tibus
2913 3925 2983 4010 ¹).
3045 3931 3237 4026 Quae
3277 3947 3471 3993 causa
3512 3928 3753 4007 fuerit,
3799 3952 3916 3996 eur
3953 3929 4154 3992 Nican-

2701 4029 2822 4094 der
2864 4028 3247 4093 horrentem
3284 4030 3675 4114 perniciosis
3714 4030 4007 4095 dentibus
4036 4028 4154 4111 hip-

2698 4132 3032 4217 popotami
3071 4132 3406 4196 maxillam
3442 4130 3686 4219 harpae
3724 4131 4035 4203 adsimilat
4056 4129 4163 4210 ω).-

1160 4403 1321 4475 a)B.
1360 4401 1426 4457 L.
1463 4397 1533 4455 Τ.
1572 4395 1725 4455 XLI.
1764 4416 1824 4473 p-
1863 4406 1995 4460 501.

1087 4491 1205 4552 tab.
1245 4502 1338 4555 50.
1523 4506 1583 4560 e)
1625 4483 1839 4544 Stosch
1875 4484 2057 4545 Pierr.
2097 4504 2261 4563 grav.
2296 4507 2358 4565 p.
2395 4496 2485 4550 33.

1081 4582 1156 4655 h)
1193 4580 1338 4639 Tab.
1377 4578 1480 4643 IV.
1518 4576 1607 4637 lit.
1647 4574 1740 4631 L.
1896 4572 1947 4647 i)
1985 4578 2139 4635 Par-t
2179 4576 2255 4634 11.
2292 4596 2352 4638 n.
2390 4587 2443 4637 2.
2481 4585 2535 4641 3·

1085 4690 1144 4731 v.
1182 4679 1307 4734 175.
1523 4667 1612 4741 m)
1649 4662 1919 4726 Theriac.
1961 4684 2016 4727 v.
2054 4665 2184 4731 566.

2151 4357 2220 4464 Β)
2252 4392 2411 4457 Mus.
2442 4396 2625 4477 Borg.
2665 4413 2731 4472 p.
2772 4396 2897 4466 169·

3055 4397 3122 4469 c)
3160 4393 3408 4454 Miscell.
3445 4415 3509 4475 p.
3544 4406 3601 4461 3.
3763 4395 3834 4472 d)
3869 4398 4026 4456 Tom.
4056 4391 4142 4451 ΠΙ.

3590 4489 3657 4564 g)
3690 4486 3901 4566 Georg.
3935 4486 4005 4545 11.
4034 4483 4143 4545 406.

3872 4575 3923 4650 l)
3959 4571 4147 4647 Theog.

2667 4485 2723 4559 f)
2763 4484 2940 4543 Num.
2977 4483 3164 4563 impp.
3203 4504 3263 4561 p.
3303 4487 3432 4551 266.

2712 4574 2789 4650 Jt)
2830 4572 2906 4635 de
2942 4586 3062 4635 ant.
3092 4567 3450 4653 scalptorib.
3486 4584 3551 4656 p.
3591 4588 3715 4644 153.
