4475 5584
1056 440 1172 560 '35
1390 432 1401 439 ’
1524 490 1536 499 ·
2057 466 2798 545 ANTonvs
2895 466 3205 548 P-IVS.

1055 682 1304 728 annum
1363 656 1613 723 differt.
1689 654 1821 720 Sed
1862 675 1947 718 en
1973 675 2239 716 numum
2279 654 2564 736 singula·

1012 804 1019 807 Α
1050 783 1239 839 (θην,
1286 761 1399 846 qui
1438 758 1800 822 sententiae
1832 756 1985 819 huic
2010 767 2359 837 repugnat.

1345 859 1880 926 ANTONINVS.
1898 858 2097 924 AVG.
2141 857 2360 923 PIVS.
2387 859 2462 920 P.
2482 859 2558 920 P.

1339 965 1517 1025 IMP.
1560 960 1753 1025 COS.
1819 964 2019 1036 Caput
2050 961 2314 1020 nudum.

1062 1069 1226 1129 Sino
1280 1067 1641 1146 epiyraphe.
1709 1065 1947 1125 Mulier
1988 1063 2230 1142 91·pr
2279 1058 2560 1124 currenti

1056 1171 1368 1230 insidens.
1449 1167 1587 1228 AE.
1622 1184 1789 1226 max.
1816 1160 1991 1223 mod.

1184 1271 1468 1330 Numum
1500 1265 1673 1327 hunc
1713 1263 2062 1346 Vignolius
2084 1282 2175 1325 ex
2205 1284 2434 1326 museo
2453 1265 2564 1327 Fi-

1044 1370 1315 1433 ·coronii
1362 1368 1762 1430 delineatum
1821 1365 1983 1427 stitit
2015 1370 2111 1446 ⁸),
2175 1365 2286 1449 qui
2345 1366 2400 1427 si
2434 1367 2561 1428 sin-

1044 1490 1249 1534 ·cerus
1282 1483 1418 1545 est,
1464 1480 1575 1531 aut
1600 1467 1727 1529 rite
1770 1466 2253 1550 promulgatus,
2298 1466 2554 1550 liquido

1008 1558 1015 1567 ³
1058 1570 1403 1653 probabit,
1468 1568 1868 1632 Antoninum
1915 1569 2043 1650 jam
2096 1567 2165 1628 in
2212 1570 2556 1631 consulatu

1058 1678 1150 1747 1.‚
1229 1687 1422 1758 atque
1492 1669 1658 1733 adeo
1709 1689 1876 1730 anno
1913 1670 1997 1736 V.
2046 1668 2119 1732 C.
2178 1669 2296 1751 891
2356 1670 2559 1753 patris

1050 1777 1303 1862 patriae
1358 1774 1561 1838 decus
1607 1770 1998 1855 suscepisse.
2042 1769 2216 1832 ‘Sed
2269 1785 2562 1854 praeter·

1042 1897 1248 1961 quam
1301 1874 1480 1959 quod
1509 1894 1737 1936 omues
1767 1872 1919 1947 alii,
1981 1892 2056 1935 ac
2089 1885 2189 1934 tot
2249 1873 2562 1936 hactenus

1048 1976 1308 2061 reperti
1343 1976 1525 2037 numi
1569 1986 1974 2059 repugnant,
2021 1973 2134 2057 qui
2184 1973 2358 2037 hunc
2405 1972 2559 2043 titu-

1046 2078 1191 2139 lum
1251 2077 1321 2137 in
1398 2079 1739 2140 consulatu
1800 2077 1848 2136 1.
1898 2088 2287 2137 constanter
2365 2075 2554 2138 omit-

1044 2191 1235 2253 ·tunt,
1294 2177 1436 2262 ipsa
1483 2179 1712 2262 capitis
1759 2176 2118 2261 epigraphe
2161 2196 2294 2238 non
2328 2164 2551 2238 levem

1044 2293 1163 2343 aut
1216 2278 1489 2355 ηθηας,
1548 2293 1658 2342 aut
1714 2277 1917 2342 falsae
1982 2277 2288 2340 lectionis
2343 2275 2552 2360 suspi-

1042 2381 1312 2444 cionem
1359 2380 1602 2461 injicit,
1649 2381 1758 2444 cui
1808 2379 2043 2442 similis
2082 2378 2152 2439 in
2191 2377 2375 2440 nullo
2415 2399 2554 2441 om-

1042 2483 1233 2544 nium
1281 2504 1598 2545 annorum
1635 2482 1947 2544 Antonini
2013 2501 2252 2556 numo,
2306 2478 2551 2544 nedum

1050 2585 1429 2648 consulatus
1460 2586 1510 2646 1.
1545 2584 1857 2648 occurrit.
1925 2581 2095 2644 Satis
2133 2601 2389 2657 causae,
2431 2603 2555 2646 eur

1044 2706 1223 2750 novo
1258 2684 1542 2749 examini
1575 2705 1810 2747 numus
1846 2683 1999 2759 bic,
2064 2682 2118 2744 si
2161 2684 2408 2747 alicubi
2441 2706 2554 2747 ex·

1039 2801 1213 2865 stat,
1240 2788 1610 2851 *mereatur
1662 2786 1916 2870 subjici.
1998 2786 2183 2848 Sitne
2239 2785 2550 2864 occonis,

1042 2889 1223 2952 hunc
1256 2887 1577 2953 honorem
1613 2887 1743 2972 jam
1794 2889 2010 2973 primo
2044 2888 2186 2972 ejus
2223 2908 2394 2951 anno
2443 2887 2552 2951 ad*-

1045 2987 1400 3077 fingentis,
1442 2991 1798 3055 auctoritas
1862 2991 2063 3067 tanti,
2110 3005 2184 3053 ut
2222 2990 2365 3072 ejus
2406 3010 2552 3053 sen·

1041 3093 1292 3155 tentiae
1327 3092 1871 3157 subscribendum
1903 3093 2215 3157 contiuno
2269 3093 2394 3169 sit,
2437 3093 2550 3156 alii

1050 3192 1359 3257 viderint.
1706 3206 1717 3213 ’

1687 3400 1912 3460 Pium

1171 3597 1354 3661 Alias
1414 3597 1528 3661 alii
1573 3618 1657 3661 ex
1714 3597 2148 3683 scriptoribus
2208 3598 2544 3663 veteribus

1036 3698 1270 3764 collati
1312 3697 1510 3780 hujus
1565 3699 1742 3765 tituli
1786 3720 2014 3763 causas
2070 3698 2408 3777 adferunt,
2475 3715 2547 3766 et

1037 3813 1180 3862 tres
1211 3800 1475 3884 quidem
1510 3801 1619 3864 vel
1660 3822 1826 3864 unus
1860 3801 2239 3886 Spartianus
2269 3799 2357 3882 ¹²),
2405 3804 2543 3867 sive

1043 3901 1222 3990 quod
1262 3922 1568 3966 socerum
1619 3902 1866 3966 fessum
1917 3917 2126 3967 aetate
2152 3926 2347 3968 manu
2397 3906 2546 3968 sub·

1034 4004 1319 4082 levavit,
1388 4004 1527 4067 sive
1574 4004 1752 4090 quod
1790 4006 2031 4068 multos
2074 4020 2411 4071 senatores
2459 4009 2544 4071 ab

1038 4092 1374 4170 Hadriano
1398 4106 1466 4169 in
1497 4121 1790 4171 extrema
1805 4107 2180 4173 valetudine
2211 4110 2296 4173 ad
2313 4130 2543 4174 necem

1034 4209 1368 4295 quaesitos
1425 4209 1620 4294 hujus
1677 4208 1903 4272 furori¹
1950 4210 2337 4295 eripuisset,
2404 4213 2544 4277 sive

1039 4310 1215 4395 quod
1268 4300 1605 4375 Hadriano
1654 4328 1807 4397 post
1852 4333 2190 4378 excessum
2241 4314 2544 4399 ingentes

1039 4410 1329 4473 honores
1369 4411 1630 4478 detulit.
1674 4415 1865 4509 Quae
1903 4414 2171 4501 quidem
2211 4429 2543 4501 postrema

1150 4662 1213 4733 a)
1256 4658 1331 4716 de
1365 4658 1637 4718 Columu.
1669 4662 1805 4718 Ant.
1838 4681 1897 4738 p.
1915 4662 2007 4741 ⁶²:

1034 4752 1097 4809 L.
1120 4749 1162 4807 1.
1190 4770 1238 4809 c.
1272 4759 1362 4812 28.
1432 4788 1445 4795 -
1510 4751 1570 4823 e)
1611 4749 1746 4827 Pag.
1775 4750 1903 4815 632.
1944 4752 2245 4844 13et6'48.
2284 4767 2331 4813 1.

2117 4660 2187 4735 b)
2239 4662 2304 4720 in
2335 4661 2661 4719 Hadriano.

2483 4753 2534 4826 s)
2578 4752 2638 4811 iu
2677 4753 2994 4814 Antonine.

2680 656 2889 718 causa‘
2934 673 3061 713 una
3119 638 3204 715 ex
3264 650 3632 736 potioribus
3717 648 3964 734 fue'rit3
4016 645 4171 719 ‘nam

2679 755 2892 836 ipsum
2971 766 3307 816 certamen
3381 754 3901 839 quinquennale,
3993 758 4171 841 quod

2678 855 2857 917 idem
2909 854 3288 938 Spartianus
3338 855 3418 917 ab
3464 854 3797 919 Antonino
3853 859 3923 917 in
3972 856 4175 922 hono·

2675 978 2819 1019 rem
2858 955 3062 1040 patris
3108 955 3354 1019 mortui
3402 957 3698 1019 Puteolis
3743 958 4171 1022 constitutum

2674 1058 2887 1122 refert
2915 1057 3013 1136 θ),
3069 1060 3290 1119 Dialia
3360 1041 3606 1123 dictum
3658 1071 3796 1136 est,
3841 1074 3916 1121 nt
3947 1061 4171 1143 prodit

2674 1158 3170 1235 Artemidorus,
3229 1160 3343 1242 qui
3384 1174 3706 1223 memorat
3752 1153 4055 1235 σταδιεα,
4104 1158 4170 1235 ὃς

2673 1264 2917 1343 μελλωυ
2936 1257 3361 1340 άσγωνιζεσὸαι
3373 1259 3495 1323 ΕΤ
3505 1257 3744 1325 ΣΕΒΕ
3755 1262 3781 1321 l
3791 1261 3851 1322 Α
3865 1286 3948 1323 τα
3969 1258 4171 1324 inb-a·

2675 1366 2792 1442 λιᾳ
2811 1359 3098 1444 ἀχθεντα
3128 1358 3236 1422 ὑπο
3287 1366 3583 1437 βασιλεως
3621 1362 3921 1425 Amanus
3965 1362 4064 1425 ἐπι
4098 1387 4189 1445 τῳ

2672 1457 3201 1542 πατριΑδριανῳ,
3241 1475 3631 1540 certatorem,
3666 1469 3781 1549 qm·
3800 1487 4175 1548 proyressu-

2673 1588 2784 1628 rus
2807 1576 2949 1628 erat
2978 1569 3049 1627 iu
3083 1569 3523 1643 PIALJBVS,
3568 1586 3735 1650 quae
3759 1570 3833 1628 e‘n
3865 1570 4172 1630 Italiaab

2672 1671 3056 1745 imperatore
3073 1672 3399 1731 Antonino
3417 1672 3486 1730 in
3501 1670 3798 1731 honorein
3810 1673 4021 1748 patris
4040 1672 4174 1732 Ha·

2675 1772 2897 1830 ἀνίατα·
2945 1779 3096 1831 acta
3141 1783 3290 1834 suut
3320 1767 3382 1851 d)
3405 1815 3423 1847 ,
3480 1789 3645 1855 quae
3696 1770 3836 1854 ipsa
3887 1770 3954 1831 in
3999 1768 4172 1831 binis

2675 1872 3113 1933 marmoribus
3151 1871 3338 1954 ‘apud
3391 1872 3821 1936 Muratorium
3856 1869 3915 1950 ο)
3947 1869 4206 1934 dicun-⁸

2676 1985 2784 2034 tur
2860 1967 3349 2037 ΕΤΣΕΒΕΙΑ.
3403 1970 3552 2034 ΕΝ.
3619 1966 4171 2049 ΠΟΤΙΟΛΟΙΣ,

2671 2077 2894 2136 Ρίαῐία
2927 2077 3231 2137 Puteolis.
3269 2071 3551 2136 Easdem
3571 2073 3798 2138 collati
3818 2073 3958 2157 ejus
3994 2074 4172 2137 tituli

2673 2196 2935 2252 causas,
2982 2195 3141 2260 quas
3181 2195 3261 2237 ex
3295 2174 3646 2258 ¹Spartiano
3685 2172 4023 2252 dedimus,
4066 2195 4177 2239 re-

2668 2278 2837 2360 petit
2868 2278 3271 2363 Capitolinus
3319 2273 3370 2357 f)
3416 2275 3725 2362 additque
3762 2276 3947 2340 binas
3986 2277 4168 2353 alias,

2671 2378 2781 2441 vel
2815 2379 2992 2464 qnod
3027 2378 3460 2455 Hadrianum,
3506 2399 3656 2443 cum
3692 2378 3749 2441 is
3786 2378 4172 2442 interimere

2673 2500 2746 2543 se
2808 2500 2967 2564 prae
3046 2480 3218 2545 vitae
3273 2480 3492 2543 taedio
3543 2493 3839 2564 pararet,
3915 2479 4172 2565 ingenti

2674 2581 2968 2645 custodia
2990 2584 3213 2667 sepsit,
3240 2602 3325 2644 ne
3348 2578 3681 2665 perficere
3712 2594 3955 2666 posset,
3987 2580 4170 2666 quod

2671 2683 2890 2747 animo
2956 2696 3388 2768 conceperat,
3451 2682 3559 2745 vel
3609 2681 3924 2768 denique,
3987 2682 4169 2767 quod

2669 2803 2829 2847 vere
2867 2797 3096 2848 natura
3133 2782 3704 2861 clementissimus,
3739 2799 3808 2846 et
3827 2784 3989 2846 nihil
4006 2798 4176 2847 tem·

2666 2887 2939 2970 poribus
2990 2887 3124 2949 suis
3191 2905 3495 2969 asperum
3551 2883 3730 2949 fecit.
3823 2888 4170 2953 Postrema

2666 2985 2832 3051 haec
2883 3008 3077 3051 causa
3129 2988 3401 3073 probata
3451 2986 3576 3049 fuit
3607 2989 3698 3050 Μ.
3728 2987 4037 3068 Aurelio,
4092 2990 4169 3053 in

2667 3089 2945 3172 epistola
2979 3088 3063 3152 ad
3101 3089 3470 3152 Faustinam
3497 3133 3514 3164 ,
3561 3110 3727 3173 quae
3762 3104 3972 3156 exstat
3991 3091 4166 3177 apud

2662 3189 3038 3258 Vulcatium
3112 3190 3183 3252 in
3255 3191 3388 3254 vita
3464 3188 3686 3258 Avidii
3746 3194 3952 3256 Cassii
3974 3202 4010 3272 ,'
4066 3194 4166 3258 sic

2611 3284 2618 3297 ⁸
2656 3292 3010 3355 scribenti:
3054 3297 3212 3355 leaeo
3253 3293 3679 3375 (Clementia)
3706 3307 3958 3375 patrem
3983 3306 4165 3359 tuum

2661 3398 2966 3472 Inprimis
3004 3397 3136 3456 PII
3158 3399 3415 3460 nomine
3444 3401 3721 3461 ornavit.
3766 3397 3979 3459 Aliam
4019 3396 4173 3458 illu·

2661 3507 2868 3556 strem
2940 3513 3198 3558 causam
3263 3513 3739 3562 commemorat
3813 3498 4167 3562 Pausanias

2657 3595 3110 3676 synchronus,
3155 3599 3334 3682 quod
3373 3601 3589 3664 cultus
3624 3601 3824 3679 divim
3867 3599 4159 3663 omnium

2662 3712 2838 3762 esset
2875 3701 3152 3764 maxime
3187 3701 3514 3765 studiosus
3546 3704 3635 3782 8).
3679 3703 3919 3770 Verius
3945 3701 4160 3766 credi-

2660 3799 2871 3864 derim
2899 3846 2920 3879 ‚
2960 3803 3285 3867 illustrem
3341 3804 3442 3866 illi
3487 3805 3661 3869 hunc
3714 3805 3975 3868 titulum
4026 3824 4167 3866 non

2659 3903 2741 3967 ab
2791 3926 2916 3966 una
2950 3925 3182 3984 causa,
3226 3907 3344 3968 sed
3381 3906 3461 3970 ab
3497 3906 3801 3971 omnibus
3833 3907 3943 3969 hic
3981 3925 4164 3969 com-

2660 4007 3080 4084 memoratis,
3141 4023 3207 4070 et
3251 4028 3371 4092 per
3421 4007 3762 4092 probatam
3809 4006 4164 4093 multiplici

2660 4109 3020 4193 specimine
3052 4101 3359 4195 pietatem
3388 4109 3590 4173 fuisse
3620 4110 3920 4188 inditum,
3954 4110 4047 4172 sic
4084 4124 4158 4172 ut

2658 4215 2816 4275 Pius
2842 4212 2970 4296 jam
3016 4212 3306 4276 omnium
3352 4231 3469 4299 ore
3513 4227 3894 4289 vocaretur,
3974 4225 4156 4276 ante·

2658 4334 2850 4399 quam
2884 4327 3142 4377 senatus
3179 4315 3550 4377 consultum
3583 4314 3949 4379 accederet.

2785 4420 2874 4480 Et
2891 4436 3052 4482 vero
3087 4417 3396 4480 eximium
3433 4415 3604 4480 istud
3641 4416 3743 4479 Pii
3765 4434 4155 4499 cognomen,

2777 4664 2840 4736 c)
2876 4660 2936 4719 in
2968 4660 3275 4720 Hadriano
3316 4660 3426 4719 sub
3465 4658 3567 4719 fin.
3681 4657 3751 4735 d)
3785 4658 4161 4718 Oneirocrit.

3149 4756 3209 4831 g)
3239 4752 3300 4811 in
3319 4752 3535 4815 Arcnd.
3569 4753 3632 4812 L.
3654 4751 3813 4813 VIII.
3843 4772 3891 4810 c.
3910 4761 4000 4816 43.
