4475 5584
1185 427 1272 499 L.
1375 423 2041 543 SEPT1M1vas
2142 425 2278 501 sE
2310 428 2719 537 VERyS.

409 634 541 702 quo
572 611 642 673 in
678 606 1119 673 Pescennium
1153 609 1486 672 aemulum
1536 629 1717 671 arma
1763 628 1901 671 mo-

406 718 538 791 vit,
595 713 1036 778 neeessariam
1072 710 1453 796 cumprimis
1498 708 1742 774 habuit.
1787 708 1898 776 Vi-

407 819 642 883 demus
719 836 802 879 ex
857 815 991 888 hee
1049 814 1352 898 catalogo
1408 811 1709 896 legiones
1758 830 1890 888 eas,

400 940 571 1007 quae
616 916 743 1004 ipsi
772 914 1170 991 adhaesere,
1230 928 1297 977 et
1327 934 1485 999 quas
1533 914 1601 977 in
1639 912 1894 977 bellum

399 1022 671 1098 eduxit,
717 1038 943 1082 earum
973 1037 1133 1082 vero
1169 1015 1680 1101 appellationes,
1725 1033 1892 1101 quae

393 1139 737 1189 truncatae
766 1124 834 1188 in
877 1121 978 1184 his
1024 1118 1238 1182 numis
1289 1117 1719 1194 exhibentur,
1796 1116 1892 1182 sic

394 1226 796 1311 explendae:
843 1224 1262 1296 Amv'rrtae,
1298 1222 1677 1296 MlNervt’a,
1708 1220 1896 1283 FLa-

390 1334 549 1406 via,
612 1330 1111 1399 MACedonica,
1166 1323 1512 1400 chandeu,
1585 1324 1895 1387 GEMs‘na

387 1434 646 1496 Martia
720 1432 1017 1504 Victrix,
1093 1426 1565 1507 PRIms'qenia,
1640 1426 1891 1494 VLPs‘a

385 1536 674 1600 Victrix.
719 1530 854 1594 Sed
886 1548 1113 1593 omnes
1143 1527 1266 1589 bos
1296 1546 1528 1589 numos
1557 1525 1888 1589 revocabo

390 1638 465 1701 in
504 1646 786 1699 tractatu
821 1629 1137 1716 singulari
1174 1627 1256 1692 de
1285 1629 1501 1690 numis
1529 1627 1889 1711 legionum,

386 1756 594 1823 quem
667 1733 836 1798 dabo
891 1733 959 1794 iu
1035 1733 1210 1800 Vm.
1287 1729 1623 1798 volumine
1692 1725 1888 1808 liujus

388 1835 639 1924 operis.

416 1962 435 1971 “
959 1980 999 2020 ss
1120 1934 1162 1976 ⁴
1285 1977 1328 2019 u

705 2045 792 2105 Vt
828 2042 928 2104 lit.
947 2043 1032 2103 A.

386 2142 798 2207 LIBERAL.
828 2141 1030 2207 AVG.
1059 2138 1256 2206 COS.
1280 2138 1888 2204 Liberalieaueam.

378 2250 528 2315 AR.
573 2248 776 2329 (Mus.
815 2241 1035 2322 Caes.)
1238 2234 1247 2247 “
1426 2253 1434 2261 ·
1822 2252 1829 2261 ’

674 2351 758 2409 Vt
797 2349 892 2408 lit.
932 2349 1027 2407 B.'
1244 2394 1249 2399 .

384 2452 798 2514 LIBERAL.
861 2445 1063 2513 AVG.
1127 2445 1266 2506 ΤΒ.
1318 2442 1393 2503 Ρ.
1439 2438 1629 2504 COS.
1689 2438 1756 2501 S.
1803 2437 1876 2502 C.

378 2555 780 2617 Liberalitas
816 2559 1016 2613 stam.
1075 2546 1215 2610 ΔΕ.
1248 2545 1299 2608 I.
1353 2545 1429 2604 In
1456 2543 1618 2606 alio:
1679 2545 1881 2621 Impe-

380 2664 565 2717 rator
597 2656 668 2715 in
697 2661 1001 2734 συρροήν
1046 2649 1431 2710 distribuens
1454 2645 1878 2726 confiat-ium.

378 2756 526 2819 ΑΕ.
558 2756 607 2819 1.
654 2755 854 2836 (Mus.
877 2750 1089 2827 Caes.)

509 2857 615 2919 De
689 2854 925 2920 Severi
965 2849 1401 2925 liberalitate,
1459 2866 1610 2910 eum
1673 2844 1879 2928 impe-

376 2957 558 3020 rium
601 2955 839 3035 adivit,
895 2956 1176 3040 loquens
1217 2948 1597 3035 Spartianus
1627 2959 1873 3022 narrat,

379 3079 536 3122 eum
576 3058 905 3144 quingena
933 3052 1266 3129 sestertia,
1312 3049 1485 3138 quod
1524 3067 1721 3111 nemo
1759 3068 1876 3110 un-

377 3181 577 3246 quam
605 3158 1018 3244 prineipum,
1063 3152 1325 3218 dedisse
1360 3150 1715 3226 militibus,
1762 3148 1874 3233 qui

374 3282 532 3326 eum
588 3262 659 3340 in
717 3257 1049 3324 Pannonia
1097 3258 1466 3340 Augustum
1514 3251 1744 3316 dixere
1791 3253 1871 3333 ⁸),

374 3364 788 3449 congiarium
814 3381 977 3426 vero
999 3357 1409 3422 distribuisse
1434 3355 1681 3441 populo
1700 3401 1718 3432 ,
1761 3377 1871 3418 an-

3362 400 3504 537 163

2014 610 2190 696 quod
2244 612 2575 679 'connecte
2623 636 2771 680 eum
2819 615 2942 694 iis,
3002 640 3170 705 quae
3218 623 3387 687 infra
3431 628 3514 690 ad

2012 734 2249 775 annum
2294 716 2380 781 V.
2430 717 2502 780 C.
2552 718 2678 799 948
2736 717 2819 781 de
2873 717 3027 785 ficta
3093 719 3235 804 ejus
3303 724 3506 811 adop-

2009 812 2186 879 tione
2221 815 2558 889 dicentur.,
2631 840 2638 845 ’

2295 922 2381 981 Vt
2418 925 2515 983 lit.
2549 926 2623 983 B.

2009 1019 2436 1089 SAECVLO.
2456 1024 2990 1091 FRVGIFERO.
3039 1029 3179 1092 ΤΒ.
3200 1031 3275 1090 Ρ.
3315 1032 3506 1097 COS.

2013 1124 2130 1183 Vir
2156 1127 2368 1202 capite
2398 1129 2656 1188 radiato
2688 1130 3057 1191 seminudus
3087 1141 3268 1194 stans
3307 1135 3369 1195 d.
3401 1155 3509 1197 ca-

2007 1227 2275 1287 duceum
2319 1246 2463 1289 cnm
2510 1231 2707 1308 spicis
2727 1272 2746 1306 ,
2821 1251 2872 1290 s.
2930 1234 3283 1296 tridentem.
3364 1238 3506 1300 AR.

2010 1329 2211 1402 (Mus.
2260 1327 2479 1410 Caes.)
2524 1334 2748 1393 addito
2780 1330 2850 1394 S.
2883 1331 2956 1397 C.
2992 1332 3130 1393 ΑΕ.
3161 1334 3215 1399 1.
3263 1336 3505 1414 (Liebe

2005 1426 2202 1492 Goth.
2238 1449 2420 1492 num.
2447 1452 2515 1513 p.
2553 1432 2730 1509 285.)

2130 1530 2431 1593 Eandem
2482 1552 2777 1597 aversam
2821 1534 3108 1603 Severus
3152 1542 3349 1606 etiam
3389 1548 3503 1608 Al·

2004 1630 2160 1694 bino
2200 1632 2465 1696 Caesari
2499 1655 2618 1699 suo
2657 1635 2948 1699 indulsit.
3012 1640 3371 1708 Enimvero
3400 1647 3510 1709 rei

2004 1730 2474 1797 frumentariae
2507 1748 2755 1799 tantum
2800 1740 3121 1822 providit,
3182 1761 3494 1829 quantum

2001 1853 2198 1898 neme
2226 1835 2441 1900 adhue
2462 1836 2952 1922 imperatorum.
2999 1844 3162 1906 Cum
3206 1846 3492 1930 primum

2001 1939 2281 1999 Romam
2314 1938 2527 2012 venit,
2585 1939 2652 2001 in
2690 1940 2984 2007 Africam
3031 1944 3330 2031 legiones
3379 1952 3499 2014 mi·

2004 2036 2126 2113 sit,
2169 2058 2256 2101 ne
2299 2059 2423 2123 per
2455 2040 2731 2123 Libyam
2779 2056 2847 2106 et
2881 2045 3255 2131 Aegyptum
3287 2053 3499 2138 Niger

2002 2139 2295 2204 Africam
2342 2157 2734 2227 occuparet,
2802 2158 2869 2208 et
2912 2149 3244 2215 Romanos
3299 2176 3496 2220 auno·

1907 2284 1913 2293 .
1995 2260 2119 2304 nae
2135 2242 2408 2325 penuria
2427 2258 2698 2327 urgeret
2728 2242 2814 2325 b).
2859 2248 3155 2333 Eamque
3181 2252 3244 2335 isx
3268 2276 3492 2321 euram

1994 2361 2120 2431 per
2166 2342 2462 2427 reliquos
2512 2366 2717 2410 annos
2766 2368 2993 2412 omnes
3036 2351 3132 2416 sie
3188 2355 3493 2433 intendit,

1995 2456 2068 2503 ut
2119 2443 2407 2506 moriens
2471 2460 2722 2531 septem
2775 2470 3096 2514 annorum
3172 2475 3492 2522 canonem
3571 2446 3581 2463 ⁸

1995 2544 2441 2629 relinqueret,
2523 2548 2613 2611 ita
2681 2561 2753 2612 ut
2799 2552 3173 2634 quotidiana
3227 2558 3495 2628 Lxxv.

1998 2646 2204 2709 millia
2255 2645 2626 2711 modiorum
2661 2650 2945 2733 expendi
2986 2673 3291 2737 possent,
3352 2661 3490 2725 olei

1992 2766 2154 2810 vero
2190 2761 2475 2824 tantum,
2518 2763 2591 2811 ut
2628 2770 2753 2834 per
2800 2752 3315 2839 quinquennium
3357 2784 3493 2826 non

1993 2849 2207 2912 solum
2257 2849 2440 2912 urbis
2488 2850 2744 2925 usibus,
2824 2854 2943 2916 sed
2994 2872 3061 2920 et
3116 2859 3317 2923 totius
3368 2866 3494 2927 lta·

1991 2949 2121 3013 liae
2156 2948 2497 3014 sufficeret
2528 2952 2609 3030 c).
2674 2955 2895 3037 Typus
2941 2938 3135 3040 hujus
3173 2963 3351 3024 numi
3385 2981 3486 3028 est

1992 3052 2429 3136 compositus3
2487 3073 2636 3116 nam
2685 3055 2853 3117 radii
2909 3056 3198 3124 indicant
3247 3066 3482 3145 solem,

1991 3153 2177 3237 eujus
2227 3152 2555 3218 beneficio
2588 3170 3037 3225 maturescunt
3071 3162 3339 3249 fruges,
3384 3187 3493 3231 ea·

1970 3254 2239 3335 ‘dueeus
2283 3269 2351 3318 et
2403 3256 2622 3341 spicae
2683 3256 3088 3328 Mercuriffm
3158 3270 3519 3332 commea·'

1989 3371 2171 3421 tuum
2248 3358 2660 3442 praesidem,
2755 3361 3005 3428 tridens
3079 3368 3481 3453 Neptunum,

370 3480 641 3551 tequam
715 3463 786 3526 in
846 3461 1284 3525 Pescennium
1339 3458 1589 3537 exiret,
1666 3458 1868 3557 tradit
1980 3479 2104 3544 per
2130 3459 2318 3543 eujus
2347 3460 2552 3526 undas
2601 3462 3066 3532 traducebatur
3086 3469 3313 3535 elassis
3343 3467 3482 3534 sru·
3572 3469 3586 3479 “

376 3568 834 3642 Herodianus,
902 3563 1083 3648 quod
1132 3561 1311 3627 idem
1360 3560 1428 3624 in
1471 3560 1575 3626 bis
1623 3560 1864 3639 numis,
1982 3562 2322 3645 menteris.

372 3669 491 3756 qui
520 3683 667 3731 sunt
701 3667 896 3752 hujus
932 3665 1118 3739 anni,
1162 3677 1447 3729 notatur.

1105 3769 1144 3809 U

1267 3814 1306 3855 fi

655 3875 740 3934 Vt
779 3874 877 3935 lit.
908 3809 992 3933 ἑ.

372 3973 673 4039 noem.
691 3971 899 4041 Ave.
936 3974 1076 4036 ΤΒ.
1105 3975 1178 4036 P.
1197 3960 1386 4039 cos.
1423 3973 1863 4036 -Mulieratam

365 4080 433 4139 d.
486 4078 942 4152 Victor-iotam,
1000 4096 1053 4138 s.
1096 4078 1369 4138 kastam.
1432 4073 1573 4139 AR.
1660 4075 1864 4154 (Mus.

370 4177 593 4259 cae..)

2550 3666 2922 3755 θ’..

2266 3774 2348 3830 Vt
2386 3773 2482 3829 lie.
2508 3771 2587 3831 A.

1978 3868 2210 3941 VICT.
2244 3868 2447 3936 AVG.
2484 3872 2624 3932 ΤΒ.
2657 3872 2731 3935 Ρ.
2764 3870 2953 3935 COS.
3005 3876 3296 3940 Vs'ctors‘a
3325 3901 3476 3961 qra-

1977 3975 2186 4038 diem.
2227 3973 2366 4038 AV.
2413 3973 2551 4035 AB.
2599 3975 2801 4052 (Mus.
2833 3975 3051 4054 Caes.)

2104 4077 2295 4139 Patet
2325 4090 2407 4134 ex
2430 4071 2532 4136 his
2549 4074 2765 4136 numis
2785 4118 2803 4147 ,
2851 4074 3170 4139 Severum
3191 4076 3317 4158 jam
3341 4077 3468 4143 hoc
3586 4098 3609 4107 ·

1980 4196 2149 4242 anno
2189 4173 2468 4238 victoria
2528 4174 2848 4259 potitum,
2921 4197 3003 4239 an
3047 4176 3130 4240 de
3186 4180 3470 4244 Pescen·

496 4281 575 4342 In
636 4279 973 4345 rarissimo
1016 4275 1143 4341 boe
1191 4295 1393 4338 numo
1450 4274 1861 4353 nobilitatem
1970 4277 2122 4353 nio,
2167 4298 2248 4339 an
2294 4274 2537 4341 alieubi
2571 4275 2653 4339 de
2680 4275 2976 4341 barbaris
3028 4298 3152 4363 per
3187 4282 3464 4365 legatos,

366 4381 672 4470 generis,
746 4401 945 4468 quam
1003 4378 1254 4443 nullam
1318 4377 1577 4455 habuit,
1642 4376 1861 4462 jactat,
1976 4379 2328 4444 incertum.

349 4576 3445 4627 ·————-—·—-———-‚'—-——‘-.-——-T—-

440 4706 508 4779 a)
545 4705 693 4780 Cap.
726 4713 778 4768 5.

569 4798 745 4877 (Vol.
799 4795 976 4879 1⁷11.)

980 4700 1052 4777 b)
1090 4701 1287 4783 Spart.
1328 4717 1379 4761 c.
1410 4709 1464 4768 ὅ.

1665 4702 1728 4777 c)
1768 4698 1968 4779 Spart.
2006 4717 2057 4761 c.
2089 4710 2180 4765 23.

2996 4790 3057 4850 Y
