4475 5584
1151 429 1260 501 L.
1363 425 1579 501 sEP
1605 425 2029 546 T1M1vvs
2130 426 2266 502 sE
2298 429 2707 537 VERyS.

3350 398 3492 536 165

397 615 631 706 quoin
666 609 1107 676 Pescennium
1142 612 1474 675 aemulum
1525 631 1705 673 arma
1751 630 1889 674 mo·
2003 611 2179 697 quod
2232 613 2564 680 ‘connecte
2612 636 2760 680 cum
2808 615 2930 694 iis,
2991 640 3160 705 quaa
3207 622 3375 686 infra
3420 627 3503 688 „d

393 722 526 794 vit,
584 717 1025 780 necessariam
1060 712 1441 798 cumprimis
1486 710 1731 776 habuit.
1776 711 1887 778 vi-

395 823 631 886 demus
707 839 790 882 ex
846 818 980 891 hoc
1038 816 1341 900 catalogo
1397 812 1698 898 legiones
1747 833 1879 889 eas,

389 943 559 1011 quae
606 920 731 1007 ipsi
762 917 1158 992 adhaesere,
1206 930 1286 999 ,οι
1316 937 1474 1001 quas
1523 917 1591 978 in
1628 914 1883 979 bellum

386 1025 660 1101 eduxit,
707 1041 931 1085 earum
962 1040 1122 1085 vero
1157 1017 1669 1103 appellatidnes,
1714 1035 1881 1103 quae

384 1142 727 1192 truncatae
755 1128 824 1191 in
866 1125 967 1187 his
1013 1121 1228 1185 numis
1276 1119 1708 1196 exhibentur,
1785 1119 1881 1183 sic

384 1229 785 1314 explendae:
832 1227 1250 1298 AmVTriae,
1287 1224 1665 1297 MlNervt‘a,
1697 1222 1885 1285 FLa·

380 1338 538 1409 via,
602 1333 1107 1402 MACeaelonica‚-
1157 1326 1502 1401 CLaudia,
1575 1326 1885 1389 GEMt’na

378 1438 636 1499 Martia
710 1435 1007 1506 Victrix,
1082 1429 1554 1508 PRImiqem‘a,
1630 1428 1881 1493 VLPs'a

376 1540 664 1603 Ve'cm'oe.
709 1533 844 1596 Sed
875 1551 1103 1596 omnes
1133 1529 1257 1592 bos
1286 1549 1518 1591 numos
1547 1527 1878 1591 revocabo

378 1642 454 1704 in
494 1649 776 1702 tractatu
810 1632 1126 1719 singulari
1164 1629 1491 1694 denumis
1519 1629 1878 1713 legionum,

376 1760 584 1826 quem
658 1737 826 1801 dabo
881 1736 950 1797 in
1025 1736 1200 1802 Vm.
1277 1731 1613 1800 volumine
1682 1727 1878 1810 hujus

378 1839 629 1927 operis.

1275 1979 1318 2021 ἢ

696 2048 782 2108 Vt
819 2046 918 2107 lit.
938 2045 1023 2105 Α.

376 2146 789 2210 LIBERAL.
819 2141 1879 2251 AVG.COS51,1·beratttautam.

369 2254 518 2321 AR.
564 2251 767 2332 (Mus.
806 2244 1026 2325 Caes.)

665 2354 749 2413 Vt
788 2352 884 2411 lit.
923 2352 1018 2410 B:
1234 2398 1241 2401 ,

375 2454 789 2517 LIBERAL.
852 2448 1055 2516 AVG.
1118 2447 1257 2509 ΤΒ.
1309 2444 1384 2505 Ρ.
1430 2440 1621 2506 COS.
1680 2440 1747 2502 S.
1794 2438 1867 2503 C.

370 2558 771 2621 Liberalitas
808 2562 1007 2615 stam.
1066 2548 1207 2613 ΔΕ.
1239 2548 1290 2611 I.
1344 2547 1419 2606 In
1447 2546 1609 2608 aliot
1670 2547 1873 2623 Impe-

372 2668 556 2720 rator
588 2660 660 2718 in
689 2665 992 2736 συμμενεῖν
1038 2652 1423 2712 distribuens
1445 2647 1870 2728 conqiart'um.

369 2760 517 2823 ΑΕ.
550 2759 599 2822 1.
647 2759 847 2839 (Mus.
869 2753 1081 2830 Caes.)

500 2861 607 2922 De
681 2856 917 2923 Severi
958 2852 1392 2925 liberalitate,
1451 2868 1602 2912 cum
1664 2846 1870 2930 impe·

368 2962 549 3023 rium
591 2958 831 3036 adivit,
887 2959 1169 3042 loquens
1209 2951 1588 3037 Spartianus
1619 2961 1865 3023 narrat,

371 3083 529 3126 eum
569 3062 897 3147 quingena
925 3056 1258 3131 sestertia,
1304 3051 1478 3140 quod
1516 3069 1713 3113 nemo
1751 3069 1868 3112 un-

370 3185 569 3250 quam
598 3161 1010 3248 principum,
1056 3155 1317 3220 dedisse
1352 3152 1707 3228 militibus,
1754 3149 1867 3235 qui

367 3285 526 3330 eum
580 3265 652 3343 in
709 3261 1042 3327 Pannonia
1089 3260 1458 3342 Augustum
1507 3253 1736 3319 dixere
1783 3255 1864 3335 ⁸),

367 3367 781 3453 congiarium
807 3384 970 3429 vero
992 3360 1402 3426 distribuisse
1425 3357 1673 3443 populo
1692 3403 1711 3433 ,
1754 3379 1863 3420 an-

360 3484 634 3554 tequam
708 3467 779 3529 in
838 3463 1278 3528 Pescennium
1332 3461 1582 3540 exiret,
1659 3459 1861 3524 tradit

370 3571 827 3645 Herodianus,
895 3566 1076 3651 quod
1125 3563 1304 3629 idem
1352 3564 1421 3626 in
1464 3562 1568 3627 bis
1616 3554 1856 3640 numis,

366 3673 482 3760 qui
513 3686 661 3735 sunt
694 3671 889 3754 hujus
925 3668 1111 3742 anni,
1155 3680 1440 3731 notatur.

1098 3772 1138 3811 O

1260 3816 1299 3857 fi

648 3878 733 3937 Vt
773 3877 871 3936 lit.
903 3812 986 3935 Ξ.

367 3977 665 4043 nonu..
685 3974 892 4044 Ave.
930 3977 1070 4039 ΤΒ.
1098 3978 1172 4038 P.
1191 3962 1381 4041 cos.
1416 3975 1857 4038 -Mutemtam

362 4084 428 4142 d.
479 4082 899 4143 Victor-iotam
917 4121 936 4155 ,
994 4099 1047 4141 s.
1090 4080 1363 4140 kastam·
1426 4075 1567 4140 AR.
1654 4077 1858 4155 (Mus.

366 4183 553 4246 Caes.

490 4181 587 4345 In)
630 4283 968 4348 rarissimo
1010 4277 1138 4344 hoc
1185 4297 1387 4341 numo
1443 4276 1855 4354 nobilitatem

365 4384 667 4472 generis,
741 4404 939 4471 quam
997 4381 1248 4446 nullam
1312 4379 1571 4457 hahuit,
1636 4378 1855 4464 jactat,

2000 735 2237 776 annum
2283 717 2369 782 V.
2419 718 2490 780 C.
2541 718 2667 799 948
2725 717 2808 782 de
2862 717 3016 785 ficta
3081 719 3224 803 ejus
3292 723 3495 810 adop-

1997 814 2175 880 tione
2210 816 2548 891 dicentur..
2621 840 2626 847 ·

2284 923 2370 982 Vt
2407 925 2504 983 lit.
2538 926 2613 983 B.

1998 1020 2425 1090 SAECVLO.
2445 1024 2979 1092 FRVGIFERO.
3027 1029 3168 1091 TR.
3189 1030 3264 1089 Ρ.
3304 1031 3495 1096 COS.

2002 1126 2119 1184 Vir
2145 1128 2357 1203 capite
2387 1129 2645 1189 radiato
2677 1131 3047 1191 seminudus
3076 1141 3257 1193 stans
3295 1135 3359 1193 d.
3390 1155 3498 1196 ca-

1996 1228 2264 1288 duceum
2309 1247 2453 1290 cum
2498 1231 2697 1308 epicis
2716 1272 2735 1306 ,
2810 1251 2861 1290 s.
2919 1234 3273 1296 tridentem.
3353 1237 3495 1299 AR.

2000 1330 2201 1403 (Mus.
2250 1328 2469 1409 Caes.)
2514 1334 2737 1394 addito
2770 1330 2839 1394 S.
2872 1331 2945 1396 C.
2982 1332 3119 1393 ΑΕ.
3151 1333 3204 1397 1.
3252 1336 3494 1413 (Liebe

1995 1427 2192 1493 Goth.
2226 1450 2410 1492 num.
2437 1453 2505 1514 p.
2543 1432 2720 1509 285.)

2120 1531 2421 1593 Eandem
2472 1553 2767 1597 aversam
2811 1534 3098 1602 Severus
3143 1540 3339 1605 etiam
3379 1547 3493 1607 Al-

1994 1631 2150 1695 bino
2190 1632 2455 1697 Caesari
2489 1655 2608 1699 suo
2646 1635 2938 1699 indulsit.
3002 1640 3362 1706 Enimvero
3390 1646 3500 1708 re‘r

1994 1731 2464 1798 frumentariae
2497 1748 2745 1799 tantum
2790 1739 3111 1822 providit,
3172 1760 3484 1828 quantum

1991 1855 2188 1899 nemo
2216 1836 2431 1900 adhuc
2452 1836 2943 1922 imperatorum.
2989 1844 3152 1906 Cum
3197 1842 3482 1930 primum

1991 1940 2272 2000 Romam
2305 1939 2517 2013 venit,
2574 1939 2643 2002 in
2681 1940 2974 2007 Africam
3021 1945 3321 2030 legiones
3369 1952 3489 2013 mi·

1995 2039 2117 2114 sit,
2159 2059 2247 2102 ne
2290 2060 2414 2124 per
2446 2040 2723 2123 Libyam
2769 2056 2838 2106 et
2872 2045 3246 2130 Aegyptum
3277 2052 3489 2137 Niger

1993 2139 2286 2205 Africam
2332 2158 2725 2227 occuparet,
2793 2158 2860 2208 et
2903 2149 3234 2215 Romanos
3289 2175 3486 2219 anno·

1898 2286 1905 2293 -
1986 2261 2110 2304 nae
2126 2243 2400 2326 penuria
2418 2258 2690 2327 urgeret
2719 2242 2805 2325 b).
2849 2248 3191 2333 Eamque
3172 2275 3227 2314 is
3259 2272 3483 2320 curam

1985 2362 2111 2431 per
2157 2343 2453 2428 reliquos
2504 2366 2709 2411 annos
2756 2368 2985 2412 omnes
3028 2351 3122 2415 sic
3178 2355 3484 2432 intendit,

1988 2457 2059 2504 ut
2110 2444 2398 2506 moriens
2463 2460 2714 2530 septem
2766 2470 3087 2514 annorum
3163 2474 3483 2521 canonem
3561 2446 3572 2463 ⁵

1986 2545 2433 2630 relinqueret,
2515 2549 2604 2612 ita
2672 2562 2746 2610 ut
2790 2552 3165 2634 quotidiana
3218 2558 3486 2627 Lxxv.

1990 2647 2196 2710 millia
2246 2647 2617 2712 modiorum
2653 2650 2937 2733 expendi
2977 2672 3283 2737 possent,
3344 2660 3482 2724 olei

1984 2768 2146 2812 vero
2182 2763 2466 2825 tantum,
2510 2764 2583 2813 ut
2621 2771 2745 2835 per
2792 2753 3307 2839 quinquennium
3349 2783 3484 2825 non

1985 2851 2199 2912 solum
2248 2850 2432 2912 urbis
2479 2851 2736 2925 usibus,
2816 2853 2935 2916 sed
2986 2872 3053 2920 et
3108 2859 3309 2922 totius
3360 2865 3486 2924 lta-

1983 2951 2113 3014 liae
2149 2950 2489 3014 sufficeret
2520 2953 2600 3031 c).
2666 2955 2908 3037 Typus-
2932 2936 3126 3040 hujus
3163 2962 3342 3023 numi
3377 2980 3478 3027 est

1984 3054 2421 3137 compositus3
2479 3074 2628 3116 nam
2677 3055 2846 3117 radii
2901 3056 3191 3124 indicant
3239 3065 3474 3144 solem,

1984 3154 2168 3238 cujus
2219 3152 2549 3219 beneficio
2581 3171 3028 3223 maturescunt
3064 3161 3331 3249 fruges,
3376 3186 3485 3229 ca·

1962 3256 2231 3337 ‘ducens
2276 3270 2344 3319 et
2396 3257 2615 3342 spicae
2675 3256 3080 3326 Mercuriffm
3152 3268 3512 3331 commea·‘

1983 3373 2165 3422 tuum
2241 3359 2653 3443 praesidem,
2748 3361 2997 3428 tridens
3072 3369 3474 3452 Neptunum,

1973 3480 2097 3545 per
2123 3461 2310 3544 cujus
2339 3461 2545 3526 undas
2594 3462 3058 3533 traducebatur
3079 3469 3306 3534 classis
3336 3467 3476 3533 sru·
3565 3468 3578 3477 “

1975 3562 2315 3645 mentaria.

2543 3708 2582 3748 0
2711 3667 2751 3706 ῃ
2875 3715 2915 3755 sp
3005 3726 3018 3736 2

2259 3775 2342 3830 Vt
2380 3774 2474 3829 lit.
2501 3774 2581 3831 Α.

1972 3869 2204 3943 VICT.
2238 3869 2440 3937 AVG.
2477 3873 2617 3932 ΤΒ.
2651 3873 2724 3936 P.
2757 3871 2946 3936 COS.
2999 3877 3290 3940 Victor-Ia
3319 3900 3470 3960 qra-

1971 3976 2180 4039 diem.
2221 3974 2360 4039 AV.
2407 3974 2544 4035 AB.
2593 3975 2794 4053 (Mus.
2827 3975 3045 4054 Caes.)

2096 4078 2289 4140 Patet
2319 4092 2401 4135 ex
2423 4073 2526 4135 his
2543 4074 2758 4136 numis
2779 4118 2797 4147 ,
2845 4074 3164 4139 Severum
3185 4076 3314 4158 jam
3335 4076 3462 4142 hoc
3579 4096 3602 4105 ·

1974 4197 2143 4244 anno
2183 4174 2462 4239 victoria
2522 4175 2842 4260 potitum,
2915 4197 2996 4237 an
3041 4176 3123 4240 de
3180 4180 3463 4242 Pescen-

1964 4278 2116 4355 nio,
2161 4298 2243 4340 an
2288 4275 2531 4375 alicubi
2565 4277 2648 4340 de
2674 4275 2969 4340 barbaris
3023 4298 3147 4362 per
3181 4282 3458 4364 legatos,

1970 4380 2323 4445 incertum.

1546 4550 1553 4561 j

2108 4614 2113 4627 ς
2720 4616 2726 4623 ι
3082 4578 3110 4625 Ι

975 4703 1047 4780 b)
1085 4704 1282 4785 Spart.
1323 4719 1374 4763 c.
1404 4711 1459 4770 3.

1660 4704 1723 4779 c)
1763 4700 1962 4781 Spart.
2001 4718 2053 4762 c.
2084 4711 2175 4766 23.

2991 4790 3052 4850 Y
