4475 5584
1436 435 1965 544 CLoo1vs

478 638 741 709 poterat
784 624 1034 708 jactura
1084 620 1214 685 viri
1255 620 1428 684 inter
1470 620 1664 699 vitia,
1727 634 1795 685 et
1843 620 1973 687 vir-

484 740 660 791 tutes
696 727 892 802 varii,
955 738 1024 787 et
1058 724 1114 785 si
1148 747 1183 785 a
1231 736 1461 786 senatu
1502 735 1750 788 tautum
1800 744 1969 784 ama-

479 840 588 891 tus
636 841 768 904 est,
833 838 1142 912 quantum
1192 845 1385 887 nemo
1425 823 1830 909 principum,
1895 835 1967 884 ut

479 930 571 992 ait
601 928 1005 1013 Capitolinus
1036 929 1093 1007 ⁸)
1115 971 1133 1003 ‚
1196 929 1261 988 in
1295 947 1490 989 causa
1521 925 1645 988 fuit
1700 922 1963 1008 generis

472 1030 818 1108 nobilitas,
865 1045 931 1093 et
959 1028 1137 1114 quod
1161 1026 1468 1089 Albinum
1500 1025 1827 1088 mitiorem
1852 1025 1967 1089 Se·

474 1152 638 1196 vero
687 1132 1011 1217 speravit,
1074 1130 1189 1216 qui
1225 1130 1292 1190 in
1335 1143 1557 1214 patres
1592 1126 1964 1212 promiscua

477 1233 682 1296 caede
715 1223 968 1295 saeviit.

602 1335 786 1399 onr
811 1333 1048 1396 incerti
1076 1330 1395 1408 nominis,
1440 1350 1520 1393 ex
1555 1351 1679 1415 qua
1713 1328 1962 1394 liberos

469 1436 658 1509 tulit,
733 1436 853 1498 sed
902 1455 1044 1496 eam
1113 1455 1262 1496 oum
1307 1433 1411 1494 his
1457 1434 1743 1495 Severus
1812 1444 1962 1515 post:

468 1536 814 1601 victoriam
845 1534 1170 1611 interfici,
1232 1548 1298 1597 et
1330 1533 1645 1597 cadavera
1686 1532 1748 1592 in
1782 1533 1962 1594 Rho·

470 1638 708 1701 danum
728 1635 923 1720 abjiei
955 1635 1145 1720 jussit
1174 1635 1262 1714 ¹²).
1281 1635 1676 1699 infantulum
1701 1637 1964 1696 Pescen-

468 1742 652 1801 nium
703 1742 1005 1801 Prineum
1046 1753 1368 1800 memorat
1428 1735 1832 1819 Capitolinus
1874 1733 1957 1812 θ).

466 1840 765 1905 onrem
789 1839 1024 1904 dictam
1042 1840 1245 1903 fuisse
1266 1841 1677 1900 Pescennium
1692 1837 1964 1898 Plautil-

468 1944 607 2004 lam
637 1956 819 2026 putat
837 1943 1213 2016 Tristanus‚
1260 1940 1378 2003 sed
1413 1938 1793 2021 conjectura
1829 1949 1955 1997 tam

358 2060 374 2076 ·
464 2043 640 2119 levi,
675 2065 865 2129 quam
884 2044 1129 2106 nullius
1148 2041 1303 2105 fidei
1333 2054 1432 2104 est
1458 2060 1693 2102 numus
1714 2083 1729 2112 ‚
1762 2055 1956 2121 quem

462 2144 599 2208 hoc
613 2146 877 2208 nomine
910 2144 1295 2227 inscriptum
1329 2141 1629 2228 protulit.
1665 2139 1956 2207 onrem

461 2246 854 2323 Pescennii,
928 2246 1192 2309 nomine
1272 2243 1470 2306 adfini
1545 2243 1958 2304 Pescennium

458 2352 902 2424 Plautianum,
946 2347 1064 2410 sed
1083 2359 1147 2409 et
1164 2346 1335 2409 hane
1367 2343 1731 2429 antiquitati
1770 2342 1956 2426 igno·

463 2465 628 2524 tam,
663 2450 727 2511 in
751 2448 1119 2512 Pescennio
1143 2448 1460 2524 vidimus,
1504 2464 1702 2532 quem
1733 2444 1954 2507 locum

456 2551 846 2638 cumprimis
880 2549 1008 2614 adi.

1060 2775 1347 2837 Numi:

526 2943 535 2952 ’
587 2957 1253 3022 Animadvertendum
1277 2999 1294 3032 ‚
1341 2955 1657 3018 haetenus
1685 2966 1946 3037 praeter

448 3081 736 3137 aureos,
799 3074 866 3123 et
901 3047 1250 3144 argenteos
1288 3056 1662 3141 promiscue
1703 3075 1945 3118 aeneos

448 3177 720 3246 quoque
754 3181 835 3224 ex
870 3162 937 3224 S.
973 3163 1044 3223 C.
1070 3180 1423 3245 pereussos
1464 3156 1906 3240 comparuisse
1920 3176 1941 3236 3

372 3257 393 3274 ⁰
452 3280 523 3325 at
577 3264 860 3325 diximus
904 3262 1098 3325 etiam
1150 3281 1342 3344 supra
1384 3259 1465 3321 ad
1518 3280 1755 3321 annum
1794 3257 1939 3338 946,

454 3365 696 3428 Severi
727 3365 907 3449 jussu
955 3377 1283 3425 monetam
1323 3360 1747 3426 eum0Albini
1784 3360 1939 3423 ima·

449 3467 609 3550 gine
626 3469 872 3529 Romae
890 3465 1093 3528 fuisse
1124 3464 1439 3547 signatam
1468 3474 1744 3525 testante
1765 3459 1937 3523 istud

450 3565 723 3629 definite
766 3568 1146 3631 Herodiano
1181 3563 1268 3646 d).
1370 3569 1459 3626 At
1512 3577 1935 3647 posteaquam

448 3674 818 3754 Augustum
857 3689 928 3730 se
957 3668 1232 3731 Albinus
1271 3665 1473 3743 dixit,
1527 3666 1716 3750 isque
1749 3686 1784 3726 a
1820 3666 1937 3726 Se·

454 3790 617 3833 vero
664 3770 872 3833 bostis
924 3768 1246 3852 judicatus
1297 3780 1428 3843 est,
1491 3766 1637 3848 jure
1683 3787 1938 3829 comma

450 3869 818 3934 Romanum
852 3872 1185 3954 exspirare
1225 3869 1469 3952 coepit.
1512 3868 1734 3965 Quare
1769 3867 1937 3929 nulli

448 3972 777 4037 habentur
819 3973 1043 4038 Albini
1113 3972 1298 4036 numi
1348 3992 1431 4034 ex
1492 3993 1647 4037 aere
1716 3968 1938 4034 addito

452 4075 521 4137 S·
557 4077 630 4140 C.
653 4119 672 4152 ‚
718 4090 786 4139 et:
821 4076 1014 4139 titulo
1038 4073 1355 4159 Augusti,
1382 4093 1742 4159 omnesque
1763 4118 1781 4150 ,
1826 4071 1940 4159 qui

448 4169 741 4255 exstant,
784 4175 1081 4261 argentei
1114 4189 1285 4253 sunt,
1329 4179 1397 4239 in
1416 4177 1637 4259 cujus,
1681 4190 1754 4240 ut
1786 4195 1939 4238 eon·

447 4293 612 4356 stat,
659 4281 910 4345 metalli
936 4292 1260 4343 monetam
1300 4277 1807 4360 imperatoribus
1830 4276 1937 4361 jus

516 4612 582 4681 a)
618 4607 679 4665 in
708 4606 928 4667 Albino
965 4627 1015 4668 c.
1048 4622 1137 4675 1².

439 4703 500 4768 e)
545 4695 608 4757 iu
646 4696 877 4758 Severo.

2034 427 2597 514 'ALBIst.

1285 4609 1354 4685 b)
1393 4607 1687 4688 spartian.
1727 4606 1792 4665 iu
1830 4606 1961 4666 Sev.
2003 4627 2052 4665 c.
2089 4620 2176 4666 ιι.

3430 458 3570 532 103

2084 617 2228 718 fuit.
2275 623 2459 707 Ergo
2499 623 2568 686 hi
2603 643 2829 687 omnes
2867 625 2934 689 in
2965 627 3219 706 Gallia,
3284 643 3394 695 aut
3429 633 3576 695 Bri·

2081 721 2298 784 tannia
2352 724 2660 787 malleum
2708 727 2881 809 passi
2915 744 3100 807 sunt,
3163 752 3379 818 neque
3417 755 3571 799 sane

2077 842 2202 906 per
2236 823 2554 889 fabricam
2600 826 2913 893 barbaros
2984 817 3234 896 natales
3285 833 3576 900 infician-

2078 939 2215 988 tur.
2301 928 2402 987 An
2452 927 2574 990 hos
2619 929 2794 993 inter
2839 946 3099 995 exstent
3145 935 3339 998 etiam
3386 940 3568 1002 numi

2081 1028 2305 1102 aurei,
2366 1028 2527 1089 mihi
2570 1030 2902 1113 ignotum3
2965 1055 3113 1096 nam
3156 1034 3391 1100 horum
3431 1041 3577 1101 nul-

2080 1126 2216 1188 lum
2262 1127 2473 1192 adhuc
2509 1129 2643 1195 vidi
2685 1131 2861 1216 ipse,
2908 1148 3018 1198 aut
3052 1136 3296 1203 alicubi
3329 1159 3573 1206 memo·

2052 1236 2292 1291 “ratum
2328 1231 2481 1316 legi.

2803 1336 2846 1375 a

2636 1379 2676 1417 s
2969 1380 3007 1420 a

2076 1430 2153 1494 A.
2356 1435 2532 1497 lMP.
2566 1437 2807 1501 CAES.
2837 1440 2919 1499 D.
2941 1441 3134 1506 CLO.
3165 1441 3574 1509 SERALB.

2365 1536 2566 1604 AVG.
2618 1541 2819 1618 Caput
2844 1544 3203 1605 laureatum
3240 1549 3308 1606 t'n
3341 1551 3480 1609 AB.

2072 1631 2152 1699 B.
2365 1638 2540 1700 IMP.
2577 1638 2767 1702 CAE.
2794 1641 2878 1704 D.
2912 1641 3108 1705 CLO.
3151 1645 3334 1706 SEP.
3368 1648 3570 1709 ALB.

2378 1740 2580 1807 AVG.
2629 1744 2831 1819 Caput
2870 1745 3229 1808 laureatum
3266 1751 3335 1808 in
3364 1752 3514 1812 Ale.

2073 1838 2147 1901 C.
2359 1839 2536 1901 IMP.
2569 1839 2654 1903 D.
2687 1840 2950 1909 CLOD.
2993 1847 3240 1910 SEPT.
3280 1850 3568 1913 ALBIN.

2355 1939 2557 2008 AVG.
2604 1946 2806 2022 Caput
2829 1950 3069 2008 nudum
3100 1952 3170 2011 in
3205 1955 3340 2013 AB.

2072 2039 2156 2102 D.
2358 2043 2536 2104 IMP.
2598 2043 2839 2108 CAES.
2918 2047 3001 2107 D.
3064 2050 3195 2112 CL.
3269 2052 3565 2116 ALBIN.

2355 2144 2557 2210 AVG.
2610 2149 2818 2224 Caput
2836 2151 3196 2213 laureatum
3231 2156 3303 2215 in
3333 2158 3470 2217 Aa.

2801 2246 2839 2284 Ο

2639 2289 2677 2329 s

2128 2411 2145 2423 ⁶
2354 2350 2437 2407 Vt
2476 2350 2571 2408 lit.
2609 2351 2685 2412 B.

2069 2445 2610 2513 CLEMENTIA.
2669 2450 2867 2517 AVG.
2929 2452 3116 2516 COS.
3182 2458 3261 2519 11.
3321 2461 3566 2525 Mulier

2064 2558 2249 2609 stans
2284 2551 2345 2608 d.
2381 2559 2678 2630 pateram
2696 2595 2716 2629 ,
2774 2573 2825 2613 s.
2854 2556 3126 2617 hastam.
3172 2558 3311 2622 AR.
3358 2561 3560 2642 (Mus.

2066 2649 2285 2727 Caes.)

2193 2748 2490 2832 Opponit
2548 2749 2824 2816 Albinus
2885 2756 3299 2821 elementiam
3374 2783 3561 2827 suam

2063 2850 2397 2933 asperitati
2450 2850 2720 2929 Severi,
2780 2876 2909 2941 qua
2943 2857 3001 2920 is
3054 2857 3120 2919 in
3152 2873 3375 2942 patres
3428 2864 3560 2928 sibi

2062 2963 2435 3035 suspectos,
2492 2970 2776 3036 eosque,
2845 2957 2958 3041 qui
3011 2959 3288 3043 Nigrum
3341 2967 3558 3028 secuti

2063 3067 2248 3131 sunt,
2296 3051 2679 3135 gravissime
2715 3057 3196 3124 animadvertit.

2964 2292 3005 2333 st

2795 3161 2836 3194 ὓ

2631 3199 2670 3237 s

2350 3265 2434 3324 Vt
2474 3264 2574 3325 lit.
2602 3265 2685 3325 A.

2055 3362 2256 3426 GEN.
2290 3363 2488 3434 LVG.
2532 3364 2720 3430 COS.
2755 3365 2836 3426 11.
2903 3367 3147 3427 Genius
3193 3372 3406 3431 nudus
3443 3391 3560 3434 ca·

2040 3469 2181 3544 pite
2196 3470 2423 3532 turrito
2442 3479 2622 3531 stans
2651 3474 2714 3530 d.
2731 3471 3001 3541 hastam,
3038 3486 3089 3525 a.
3108 3475 3560 3550 cornucopiam..⁸

2040 3587 2162 3644 pro
2183 3573 2459 3648 pedibus
2487 3574 2731 3653 aquila.
2796 3569 2934 3630 AB.
2981 3563 3186 3647 (Mus.
3223 3570 3442 3651 Caes.)

2180 3669 2485 3732 Albinum
2508 3717 2525 3745 ‚
2591 3692 2740 3735 eum
2770 3691 2853 3733 ex
2877 3669 3213 3731 Britannia
3248 3677 3554 3736 transmi-

2052 3771 2169 3845 sit,
2215 3770 2591 3834 consedisse
2613 3769 2957 3854 Lugduni,
3000 3769 3065 3831 in
3095 3771 3279 3852 cujus
3304 3757 3564 3839 deinde·

2056 3872 2287 3937 vicinia
2357 3872 2604 3947 vietus,
2667 3871 3188 3955 interfectusque
3246 3885 3383 3948 est,
3453 3875 3548 3937 di·

2054 3987 2230 4036 serte
2291 3971 2487 4036 tradit
2525 3972 2942 4036 Herodianus
2974 3974 3053 4053 e).
3132 3972 3207 4031 ln
3256 3971 3380 4037 bae
3423 3975 3552 4058 igi·

2053 4088 2161 4137 tur
2176 4072 2341 4136 urbe
2360 4096 2594 4137 numus
2609 4094 2922 4159 praesens
2944 4116 2962 4146 ‚
3007 4071 3323 4136 GENium
3341 4077 3552 4144 LVG-

2051 4179 2211 4239 dunt·
2285 4176 2605 4239 exhibens
2698 4173 2989 4259 signatus
3060 4188 3202 4249 est,
3286 4197 3413 4262 qua
3479 4177 3548 4238 in

2051 4276 2216 4343 urbe
2249 4278 2606 4363 plerosque
2644 4275 2809 4339 alios
2848 4275 3069 4338 Albini
3099 4274 3228 4357 jam
3262 4279 3546 4360 Augusti

2963 3205 2999 3238 ἡ

2325 4607 2386 4682 e)
2422 4604 2486 4664 iu
2523 4601 2742 4663 Albino
2781 4622 2831 4665 e.
2863 4615 2918 4667 7.
3084 4598 3154 4673 d)
3191 4600 3256 4661 in
3295 4600 3532 4664 Severo.

2983 4733 3128 4854 1‘2
