4475 5584
1492 494 2337 580 -ELAGABALVS.

318 768 334 775 Β
379 680 611 777 peret,
656 690 797 775 ipse
837 687 1055 755 edicto
1097 685 1418 763 sanciret,
1461 699 1536 750 ut
1572 687 1718 751 aliis
1750 688 1877 752 ‹Iiis

384 791 727 868 omnibus,
787 796 982 875 atque
1032 788 1159 872 ipsi
1207 788 1402 850 etiam
1451 790 1594 853 Iovi
1641 790 1879 875 Elaga-

376 893 568 958 balus
620 914 775 957 suus
808 887 1298 975 praeferretur,
1342 889 1484 972 ipse
1524 888 1877 973 imaginem

382 996 669 1062 numinis
748 993 849 1059 sui
910 994 1191 1055 Romam
1250 989 1736 1075 praemitteret,
1806 993 1878 1054 in

381 1097 601 1161 media
668 1093 851 1159 curia
909 1095 1085 1158 1000·
1140 1091 1319 1155 edito
1387 1090 1872 1170 collocandam,

354 1198 618 1263 -urb'em
649 1198 983 1283 ingressus
1005 1194 1067 1256 ci
1087 1193 1403 1278 tem-plum
1425 1193 1875 1269 constitueret,

380 1316 449 1366 et
490 1299 836 1361 barbarico
877 1298 1019 1381 ipse
1065 1297 1292 1359 habitu
1337 1317 1412 1360 ac
1465 1294 1598 1358 ritu
1657 1293 1876 1356 munia

380 1399 743 1466 sacerdotis
776 1396 989 1484 palam
1024 1399 1435 1482 fungeretur,
1468 1407 1883 1476 vetaretque,
1926 1396 1933 1403 ’

380 1519 472 1564 ne
534 1501 680 1588 quis
752 1503 1005 1563 Romae
1074 1500 1236 1563 deus
1301 1496 1430 1559 nisi
1479 1493 1876 1577 Elagabalus

382 1621 543 1664 snus
574 1602 945 1680 coleretur,
988 1601 1058 1663 id
1078 1620 1238 1664 vero
1274 1596 1691 1662 intolerabile
1723 1616 1880 1659 cun-

384 1703 510 1773 ctis
540 1703 773 1769 visum.
821 1702 1121 1768 Accessit
1165 1713 1503 1764 extremae
1555 1695 1877 1758 amentiae

385 1818 842 1891 argumentum
893 1804 1194 1881 illustre,
1256 1799 1429 1885 quod
1487 1818 1637 1861 cum
1683 1794 1881 1859 caeli-

334 1946 341 1955 ·
382 1907 540 1971 bem
571 1927 756 1970 suum
795 1904 992 1969 deum
1032 1922 1178 1967 esse
1213 1901 1461 1976 nollet,
1508 1917 1780 1961 uxorem
1815 1896 1880 1960 ei

384 2007 875 2106 circumspexit.
958 2005 1061 2068 Ac
1090 2003 1306 2087 primo
1336 2023 1491 2065 cum
1540 1998 1879 2063 Palladem

385 2127 517 2172 non
567 2108 900 2193 indignam
949 2125 1031 2169 eo
1076 2106 1228 2167 loco
1277 2114 1572 2186 putaret,
1620 2099 1762 2180 ejus
1796 2098 1881 2160 si·

384 2211 753 2274 mulacrum
814 2206 972 2269 inde
1022 2225 1106 2268 ex
1163 2223 1293 2288 quo
1350 2201 1695 2265 advectum
1755 2199 1878 2261 Ilio

388 2309 641 2391 sperat,
697 2310 1045 2371 immotum-
1109 2305 1181 2367 in
1239 2304 1453 2367 aulam
1508 2301 1876 2379 transtulit,

294 2415 335 2463 Ἃ
386 2431 663 2496 eamque
704 2397 1043 2494 nuptiales
1088 2405 1311 2469 taedas
1354 2404 1425 2464 in
1470 2402 1655 2466 hunc
1699 2401 1876 2468 diem

386 2525 749 2576 aversatam
806 2509 1214 2594 com-pellere
1280 2502 1363 2567 ad
1402 2503 1657 2586 nuptias
1726 2524 1876 2567 cum

384 2612 517 2677 deo
556 2626 741 2675 extra
775 2610 1037 2675 coelum
1084 2610 1413 2672 Graecum
1471 2619 1623 2667 nato
1671 2617 1879 2667 tenta·

382 2714 501 2778 vit.
546 2713 871 2777 Continuo
917 2731 994 2775 re
1041 2709 1326 2775 curatius
1376 2726 1700 2788 expensa,
1747 2704 1876 2766 deo

385 2819 509 2879 'suo
538 2835 688 2879 cum
730 2828 941 2877 uxore
973 2823 1218 2875 armata
1262 2821 1331 2872 et
1374 2806 1692 2870 bellicosa
1740 2827 1873 2869 non

374 2931 569 2981 recte
617 2915 1007 2991 convenire,
1055 2913 1247 2975 deam
1298 2910 1710 2984 Coelestem,
1757 2926 1875 2969 seu

374 3018 698 3084 ·Vraniam
748 3013 1149 3097 Carthagine
1192 3010 1638 3076 advehendam
1691 3028 1876 3072 cura

382 3120 517 3196 vit,
558 3119 900 3203 praeclaro
943 3114 1122 3178 istud
1169 3112 1491 3189 consilio,
1527 3131 1680 3177 nam
1723 3129 1874 3173 eum

386 3241 514 3305 qua
576 3220 695 3283 Sol
738 3216 1135 3301 Elagabalus
1196 3214 1408 3298 aptius
1483 3202 1873 3277 convenien-

382 3322 649 3406 tiusque
686 3319 1109 3404 jungeretur,
1154 3337 1348 3413 quam
1378 3336 1524 3379 cum
1556 3313 1678 3377 hac
1709 3315 1872 3380 Vra·

381 3424 530 3499 nia,
574 3437 768 3507 'quam
818 3419 1043 3483 lunam
1085 3417 1234 3483 Afri
1281 3413 1654 3482 censuere?
1696 3400 1872 3478 Tum

381 3544 555 3589 vere
594 3523 765 3586 urbe
812 3534 982 3598 tota,
1042 3540 1118 3584 ec
1164 3539 1288 3604 per
1334 3519 1625 3590 Italiam,
1684 3513 1873 3576 nimi-

372 3646 531 3689 ·xnm
601 3622 1003 3687 nubentibus
1056 3621 1215 3699 diis,
1275 3619 1519 3682 indicta
1573 3616 1874 3697 Theogn-

383 3727 553 3802 mia,
626 3739 698 3789 et
745 3723 864 3788 dos
922 3742 1045 3808 per
1092 3733 1303 3785 totum
1362 3718 1716 3803 imperinm
1760 3716 1870 3778 de·

385 3828 653 3912 scripta.
751 3827 957 3890 Caeso
1024 3824 1423 3907 imperatore
1466 3819 1707 3909 patuit,
1772 3816 1870 3878 in·

374 3928 525 3994 vito
573 3924 961 4009 meenaeo
1020 3925 1137 3989 has
1185 3923 1525 3989 coaluisse.
1573 3917 1865 4005 nuptias3

381 4042 533 4093 nam
571 4029 799 4114 pulsus
843 4028 1012 4092 n'rbe
1047 4028 1323 4090 maritus
1363 4023 1659 4108 Syriam,
1701 4040 1873 4084 uxor

380 4129 678 4195 Africam
740 4129 1062 4213 imperato
1125 4126 1413 4193 divortio
1474 4124 1871 4210 repetivere.

378 4230 569 4295 Haec
607 4249 774 4316 quae
808 4248 1018 4316 usque
1049 4227 1248 4292 modo
1294 4226 1524 4304 docui,
1566 4225 1721 4293 vido
1765 4244 1876 4290 co·

364 4328 641 4418 -piosius
691 4330 867 4416 apud
925 4330 1213 4394 Dionem
1261 4329 1320 4412 ⁸)
1343 4373 1362 4409 ,
1420 4328 1874 4393 Herodianum

459 4568 522 4640 a)
561 4564 627 4627 L.
661 4562 1037 4637 LXXVIM.
1061 4573 1147 4624 12.

364 4675 437 4718 τ.
472 4658 571 4725 63»

1293 4560 1363 4637 b)
1398 4559 1460 4618 in
1486 4556 1729 4636 Ehgab.

1875 4562 1935 4632 0)
1969 4558 2031 4616 iu
2059 4557 2400 4619 Aureliano.

3337 466 3476 594 251

1993 702 2061 753 et
2088 688 2538 775 Lampridium
2568 685 2655 772 ¹²).
2700 690 3044 756 Exstitisse
3077 691 3253 758 hunc
3286 691 3481 758 deum

1991 791 2273 854 Emesae
2350 791 2566 855 adhuc
2636 791 2984 856 Aureliani
3060 808 3307 870 aetate,
3369 797 3483 879 qui

1994 906 2142 955 eum
2182 892 2469 956 donariis
2521 907 2589 956 et
2636 893 2897 977 templis
2936 893 3236 970 ornavit,
3273 893 3492 959 refert

1990 994 2318 1074 Vopiscus
2352 995 2434 1076 0).
2463 1024 2470 1035 ·

2116 1098 2371 1159 Numus
2413 1114 2492 1156 ex
2525 1093 2882 1178 propositis
2925 1080 3176 1177 primus
3222 1110 3484 1161 vectum

1990 1193 2258 1278 publice
2291 1192 2486 1256 acum
2513 1194 2940 1278 Elagabalum
2964 1195 3254 1263 exhibet.
3300 1197 3487 1262 ldcm

1991 1295 2235 1359 factum
2284 1296 2495 1358 refert
2554 1294 3004 1377 Herodianus,
3062 1317 3301 1381 nempe
3363 1299 3487 1361 im-

1989 1396 2276 1479 positum
2315 1414 2464 1455 eum
2519 1395 2826 1458 vehiculo
2860 1417 3021 1459 auro
3074 1399 3485 1484 gemmisque

1993 1495 2340 1571 distincto,
2388 1494 2872 1579 deductumque
2916 1516 2995 1558 ex
3039 1498 3204 1561 urbe
3238 1501 3306 1560 in
3337 1500 3489 1564 sub·

1992 1595 2315 1659 urbanum
2339 1638 2358 1672 ,
2404 1616 2534 1680 quo
2564 1596 2715 1658 loco
2747 1595 2888 1676 ejus
2931 1598 3248 1683 templum
3281 1601 3485 1677 stetit,

1992 1711 2355 1778 praeeunte
2393 1717 2658 1760 currum
2704 1697 3103 1780 imperatore
3150 1720 3227 1763 ac
3259 1701 3488 1775 frean

1993 1799 2365 1874 retinente,
2425 1817 2619 1883 quem
2669 1818 3056 1881 processum
3109 1801 3262 1865 vide
3312 1801 3488 1885 apud

1993 1898 2327 1963 laudatum
2399 1913 2737 1962 auctorem
2815 1900 3180 1964 liberaliter
3240 1901 3510 1980 descrit

1990 2013 2200 2085 ptum.
2292 1998 2472 2094 Quid
2532 2013 2764 2063 notent
2811 2016 3091 2085 quatuor
3171 2002 3487 2087 perticae,

1996 2119 2165 2186 quac
2223 2120 2490 2164 currum
2538 2102 2868 2179 ambiunt,
2932 2116 2999 2167 ct
3057 2106 3332 2172 totidem
3376 2128 3487 2173 co-

1991 2220 2117 2265 nos
2170 2203 2526 2279 sustinent,
2583 2204 2748 2265 mihi
2789 2205 3312 2294 incompertum,
3369 2229 3487 2274 ne·

1992 2321 2122 2386 que
2175 2322 2418 2387 operae
2467 2306 2791 2388 pretium,
2849 2307 2918 2370 in
2975 2313 3191 2376 omnia
3245 2314 3485 2377 stultae

1992 2404 2476 2486 superstitionis
2509 2406 2828 2487 mysteria
2865 2409 3243 2495 diligentius
3275 2416 3488 2500 inqui·

1989 2524 2165 2566 rere.
2254 2504 2512 2567 Eodem
2572 2509 2770 2572 modo
2832 2513 3174 2597 Heliop'oli
3220 2537 3485 2600 quoque

1989 2600 2355 2668 vehebatur
2401 2607 2562 2670 deus
2596 2609 3161 2693 Heliopolitanus‚
3208 2617 3321 2700 qui
3362 2619 3484 2681 Sol

1988 2705 2145 2769 item
2170 2707 2317 2771 fuit.
2364 2708 2474 2772 Sic
2503 2710 2675 2772 euim
2715 2710 2798 2774 (10
2827 2712 2952 2776 hoc
2971 2716 3440 2800 Macrobiusd)
3462 2741 3483 2781 ε

1985 2812 2231 2870 vehitur
2256 2814 2428 2871 enim
2453 2815 2866 2874 simulacrum
2883 2817 2991 2875 dei
3014 2818 3486 2895 Heliopolitana}

1978 2911 2229 2990 ferculo
2246 2954 2266 2986 ,
2308 2913 2408 2972 uti
2452 2916 2760 2974 vehuntur
2805 2916 2877 2975 in
2919 2935 3154 2995 pompa
3189 2920 3482 2980 ludorum

1988 2996 2380 3072 circensium*
2403 3014 2661 3074 deorum
2693 3016 3062 3077 sae‘mulacra.
3106 3019 3318 3080 Notus
3337 3040 3486 3103 pas·

1990 3109 2111 3171 sim
2142 3109 2644 3174 simulacrorum
2681 3114 2773 3178 sic
2794 3130 3132 3179 vectorum
3169 3139 3357 3182 sacer
3393 3119 3481 3182 ri-

1987 3225 2115 3275 tus.
2202 3215 2401 3275 'l'estc
2435 3214 2778 3280 Herodoto
2812 3220 2872 3295 c)
2923 3218 3095 3302 apud
3126 3222 3481 3304 Papremin

1986 3312 2278 3400 Aegypti
2313 3316 2541 3379 Martis
2592 3317 2851 3401 signum
2884 3341 3008 3381 una
3041 3324 3190 3383 cuni
3232 3324 3481 3387 sacello

1987 3434 2193 3478 curru
2229 3430 2509 3498 quatuor
2543 3432 2839 3482 rotarum
2881 3422 3261 3486 vehebatur.
3350 3427 3483 3487 Ex·

1988 3516 2209 3603 empla
2250 3519 2440 3602 plura
2487 3518 2613 3582 alia
2670 3520 2821 3584 vide
2871 3523 2940 3585 in
3001 3545 3146 3588 mea
3201 3526 3479 3613 Sylloge

1986 3619 2035 3678 1.
2069 3621 2228 3704 Pag.
2257 3620 2363 3682 55.
2412 3619 2519 3681 Ad
2566 3619 2740 3684 idem
2779 3640 3235 3708 argumentum
3276 3629 3481 3712 perti-

1983 3733 2099 3782 net
2132 3742 2370 3783 numus
2425 3723 2548 3797 11.,
2594 3725 2705 3807 qui
2750 3726 3181 3809 Elagabalum
3230 3751 3480 3807 conser-
3527 3732 3534 3743 ’

1983 3830 2265 3883 valorem
2309 3827 2596 3903 Anqustae‘
2637 3825 2956 3907 appellat,
3014 3840 3084 3888 et.
3128 3828 3476 3891 concidens

1982 3920 2161 3984 hunc
2227 3919 2422 3983 deum
2500 3924 2756 4007 aquilae
2827 3924 2947 3987 alis
3017 3926 3477 3993 obumbratum

1987 4021 2291 4101 exhibet,
2334 4022 2582 4100 credo,
2621 4022 2797 4109 quod
2834 4026 3229 4111 Elagabalus
3267 4049 3477 4115 aeque

1989 4121 2165 4186 Solis
2212 4143 2289 4186 ac
2333 4125 2507 4186 Iovis
2548 4124 2930 4210 dignitatem
2972 4126 3255 4192 obtinuit
3285 4152 3473 4195 more

1986 4224 2058 4288 in
2106 4225 2294 4307 Syria
2341 4237 2658 4309 recepto,
2727 4248 2875 4288 nam
2934 4240 2999 4290 et
3042 4228 3479 4314 Heliopolita-

1987 4346 2222 4391 norum
2260 4326 2679 4408 Coelesyriae
2722 4348 2965 4405 numen
2996 4328 3337 4417 utriusque
3367 4331 3480 4398 dei

2548 4557 2618 4631 d>
2648 4558 2885 4620 Satura.
2918 4559 2963 4621 1.
2988 4572 3082 4626 23.
3232 4566 3291 4642 0)
3321 4565 3384 4624 L.
3406 4564 3479 4625 11.

2867 4704 3136 4805 '11:2.
