4475 5584
1051 462 1145 540 98
1994 431 2032 500 .·
2305 430 2875 513 LVCILLA.

2329 734 2816 802 LVCILLA.

1175 939 1340 1006 Nata
1388 949 1487 1000 est
1543 935 1752 998 Annia
1786 931 2076 1007 Lucilla,
2102 941 2196 993 'ut
2232 949 2374 993 eam
2417 949 2535 993 vo-

998 1054 1151 1120 -cat
1229 1060 1464 1101 numus
1519 1037 1987 1119 Byzantiorum
2052 1038 2154 1115 ⁸),
2232 1051 2409 1096 anno
2448 1030 2531 1098 V.
2581 1047 2590 1056 ‘

1048 1144 1122 1209 G.
1154 1160 1322 1225 qoo,
1368 1153 1476 1203 aut
1508 1139 1729 1224 paullo
1768 1152 1953 1212 ante,
2001 1136 2056 1199 si
2071 1134 2271 1198 modo
2303 1132 2533 1196 eadem

1052 1255 1188 1319 est,
1256 1241 1338 1305 de
1388 1263 1553 1325 qua,
1616 1240 1734 1305 sed
1782 1237 2189 1302 dissimulato
2243 1234 2531 1308 nomine,

1050 1343 1342 1429 loquitur
1384 1342 1788 1427 Capitolinus
1816 1337 1918 1418 Β),
1974 1339 2283 1402 nimirum
2322 1340 2530 1398 Aure-

1043 1445 1206 1509 lium
1260 1457 1562 1528 suscepta
1604 1442 1742 1505 filia
1790 1440 1993 1503 fuisse
2030 1438 2374 1501 tribunicia
2415 1457 2533 1520 po·

1043 1558 1280 1609 testate
1309 1544 1652 1621 donatum,
1698 1563 1865 1629 quae
1902 1541 2122 1625 coepit
2150 1559 2321 1602 anno
2353 1540 2437 1608 V.
2456 1539 2528 1602 C.

1045 1666 1194 1726 ooo.
1255 1647 1661 1730 Desponsata
1694 1667 1730 1708 a
1764 1641 2141 1730 parentibus
2196 1642 2285 1701 M.
2323 1643 2531 1703 Aure-

1034 1749 1132 1814 lio
1155 1791 1172 1823 ‚
1217 1760 1285 1810 et
1316 1748 1623 1810 Faustina
1652 1747 1912 1830 juniore
1956 1748 2034 1809 L.
2066 1743 2285 1817 Vero,
2349 1756 2416 1805 et
2447 1741 2530 1804 ad

1041 1868 1193 1911 eum
1229 1848 1311 1914 V.
1347 1849 1418 1911 C.
1450 1866 1595 1930 9¹7·
1643 1846 1727 1909 ad
1780 1866 2088 1931 sponsum
2123 1844 2352 1920 missa,
2396 1862 2528 1927 quo

1041 1964 1347 2031 tempore
1393 1948 1447 2009 is
1494 1949 1674 2010 bello
1723 1947 2033 2010 Parthico
2077 1943 2530 2021 distinebatur,

1038 2062 1226 2132 patre
1259 2067 1403 2110 eam
1420 2047 1865 2111 Brundusium
1899 2066 2107 2131 usque
2139 2046 2529 2119 deducente,

1038 2163 1108 2211 et
1150 2149 1333 2216 Vero
1389 2148 1474 2211 ad
1518 2168 1664 2211 eam
1716 2149 2168 2233 excipiendam
2216 2169 2300 2212 ex
2344 2149 2530 2231 Syria

1033 2248 1374 2335 Ephesum
1398 2265 1816 2333 properante.
1890 2255 2153 2316 Mortuo
2186 2251 2269 2318 V.
2309 2251 2379 2312 C.
2404 2266 2529 2326 oca

1037 2351 1309 2427 marito,
1352 2350 1463 2413 cui
1499 2370 1642 2413 eam
1678 2355 2060 2437 propinasse
2092 2373 2413 2418 venenum
2438 2349 2534 2412 se-

1032 2452 1224 2517 rebat
1291 2471 1519 2513 rumor
1549 2453 1642 2532 c),
1733 2478 1769 2517 a
1832 2470 2021 2540 patre
2085 2452 2368 2536 denupta
2430 2463 2533 2513 est

1032 2553 1310 2619 Claudio
1349 2554 1753 2634 Pompejano
1812 2558 2018 2640 patria
2087 2553 2523 2626 Antiocheno,

1032 2654 1149 2741 qui
1191 2653 1517 2738 equestris
1554 2663 1809 2718 lantum
1842 2658 2125 2732 ordinis,
2172 2670 2236 2719 at
2270 2654 2524 2716 meritis

1035 2769 1102 2819 et
1133 2755 1456 2840 probitate
1492 2756 1559 2817 in
1590 2760 1811 2840 paucis
1842 2760 2233 2842 conspicuus
2281 2756 2404 2818 fuit
2436 2755 2522 2834 d).

1028 2866 1297 2925 Patrem
1350 2862 1434 2924 ad
1488 2859 1831 2942 sopiendas
1879 2859 2235 2923 seditionis·
2280 2858 2528 2921 Cassia·

1028 2983 1155 3027 nae
1222 2963 1536 3049 reliquias
1597 2961 1664 3023 in
1722 2962 1973 3043 Syriam
2020 2964 2327 3027 comitata
2378 2962 2528 3024 Ale·

1035 3065 1347 3128 nandrise
1383 3061 1699 3146 tantisper
1744 3053 1986 3126 restitit
2015 3066 2094 3145 θ).
2140 3067 2301 3127 Post
2325 3064 2529 3149 patris

1032 3165 1287 3228 Aurelii
1353 3183 1695 3227 excessum
1751 3166 2044 3247 'perrexit
2081 3166 2290 3252 frater
2338 3169 2531 3230 Corn·

1032 3265 1305 3341 modas,
1364 3285 1510 3327 eam
1545 3265 1845 3328 omnibus
1874 3269 2208 3351 Augustae
2263 3268 2529 3329 honori·

1030 3369 1156 3429 bus
1203 3367 1594 3439 observare3
1642 3365 1762 3429 sed
1792 3387 1940 3429 curn
1979 3367 2263 3449 majores
2299 3366 2529 3430 haberi

1032 3468 1228 3550 hujus
1267 3469 1460 3531 uxori
1511 3467 1886 3551 Crispinae‚
1942 3490 2134 3553 quam
2185 3468 2529 3552 sibisiole·¹

1031 3584 1175 3646 ret,
1206 3569 1473 3632 insidias
1503 3567 1690 3631 fratri
1726 3584 2093 3652 comparat,
2139 3569 2378 3654 quibus
2416 3568 2529 3632 de-

1029 3669 1223 3735 tectis
1269 3669 1554 3755 primum
1620 3670 1904 3753 Capreas
1965 3670 2212 3753 ejecta,
2299 3671 2524 3755 paullo

1032 3786 1184 3859 post
1227 3786 1441 3835 morte
1489 3769 1789 3835 adficitur
1839 3772 2013 3836 circa
2050 3794 2287 3834 annum
2330 3776 2416 3840 V.
2451 3774 2523 3837 C.

1028 3872 1183 3955 (336.
1257 3876 1343 3936 At
1377 3873 1646 3936 maritus
1680 3873 2008 3957 proculab
2040 3874 2187 3936 aula
2216 3874 2358 3937 ruri
2387 3875 2529 3960 ple-

1030 3994 1313 4059 rumque
1364 3971 1614 4036 adfixus
1654 3974 1850 4037 vitata
1894 3974 2275 4038 insidiarum
2321 3977 2529 4059 suspi-

1026 4077 1222 4141 cione
1254 4074 1339 4138 ad
1382 4094 1587 4157 usque
1610 4076 1843 4140 Severi
1875 4078 2223 4163 imperium
2244 4078 2524 4144 duravit.

1028 4176 1204 4245 Vide
1255 4176 1665 4262 Xiphilinum
1693 4221 1712 4255 ,
1789 4178 2243 4243 Herodianum
2265 4224 2283 4258 ,
2341 4179 2530 4266 Capi-

1032 4277 1335 4344 tolinum.
1384 4312 1397 4318 -

1156 4382 1246 4443 At
1297 4383 1388 4443 M.
1443 4381 1752 4445 Aurelius
1786 4381 1854 4444 in
1902 4402 2143 4467 opere,
2206 4385 2385 4470 quod
2438 4375 2532 4459 ἔις
2615 4475 2622 4484 ἡ

1143 4591 1207 4660 ι)
1248 4589 1395 4648 Mus.
1432 4586 1764 4647 christinae
1793 4588 1911 4648 tab.
1941 4590 2092 4649 LXI.

1040 4677 1279 4756 pitoliu.
1317 4677 1383 4736 iu
1416 4678 1616 4737 Aurel.
1652 4698 1703 4739 c.
1732 4689 1826 4742 20.

2238 4590 2309 4664 b)
2348 4591 2412 4648 in
2449 4590 2710 4650 Aurelio.

1971 4684 2033 4758 e)
2073 4681 2392 4763 Capitolia.
2431 4680 2497 4742 in
2530 4681 2732 4744 Aut-el.
2773 4701 2822 4742 c.
2861 4682 2954 4746 262

2644 926 2852 995 iau-ror
2902 927 3203 1014 scripsit,
3243 941 3317 993 et
3346 949 3481 1015 quo
3511 927 3664 995 loco
3691 926 3776 994 de
3819 929 4005 995 elatis
4044 923 4119 994 ad

2648 1033 2843 1097 funus
2857 1030 3158 1117 personis
3190 1031 3554 1095 illustribus
3590 1031 3850 1094 disserit
3865 1019 3939 1113 f),
3968 1030 4120 1095 haec

2648 1134 2863 1197 additt
2892 1128 3443 1213 ΛυκιλλαΟυηρον.
3484 1131 3625 1196 ἕκτα
3641 1126 4123 1196 Λυκιλλα.Ει·ιι-

2650 1235 2770 1298 diti
2814 1234 3118 1320 neglecta
3160 1235 3240 1300 ab
3287 1250 3556 1301 auctore
3605 1235 3805 1299 verba
3850 1234 3946 1298 sic
3986 1255 4122 1317 sup-

2643 1338 2860 1421 plent:
2904 1333 3199 1397 Λυκιλλα
3225 1338 3452 1415 Oeneo»
3470 1334 3793 1422 ε’ξηνειγκε,
3829 1332 3970 1396 ies-a
3998 1329 4123 1396 Aa·

2645 1442 2835 1499 κιλλα
2884 1434 3223 1522 ἐξηνεχθη,
3289 1442 3543 1502 Lucilla
3591 1443 3821 1501 Verum
3877 1439 4122 1511 extulit,

2641 1544 2873 1603 deinde
2903 1551 2971 1603 et
3006 1543 3262 1603 Lucilla
3303 1544 3479 1603 elaea
3513 1552 3633 1604 est.
3681 1540 4040 1603 Gatakerus
4063 1536 4128 1599 in

2643 1641 2938 1725 subjecta
2970 1642 3123 1704 huic
3155 1642 3309 1706 loco
3354 1655 3507 1704 nota
3539 1641 3801 1703 nomine
3834 1639 4123 1703 Lucillae

2645 1743 2811 1805 hanc
2859 1743 3066 1827 ipsam
3103 1757 3393 1806 nostram
3436 1742 3690 1805 Aurelii
3744 1740 3946 1805 filiam
3972 1786 3989 1817 ,
4049 1744 4124 1805 L.

2642 1843 2806 1910 Veri
2830 1846 2992 1927 Aug.
3024 1865 3298 1907 uxorem
3334 1842 3828 1928 intelligendam
3865 1842 4123 1907 adserit.

2646 1943 2830 2006 Istud
2880 1945 3261 2022 siveram,
3326 1947 3636 2032 quoniam
3689 1946 3860 2029 patri
3905 1946 4001 2009 sic
4047 1945 4125 2008 de

2645 2044 2779 2108 filia
2818 2044 3136 2109 scrihenti
3190 2068 3348 2130 prae
3391 2047 3693 2111 omnibus
3738 2046 4126 2131 amplissima

2643 2146 2810 2210 fides
2857 2161 2959 2209 est
3013 2145 3345 2222 habenda,
3419 2147 3583 2212 falsa
3637 2150 3860 2235 utique
3919 2161 4125 2219 erunt,

2644 2267 2812 2332 quae
2857 2249 3263 2332 posteriores
3323 2249 3622 2314 historici
3665 2250 3748 2313 de
3796 2250 4054 2314 Lucilla
4092 2271 4129 2311 ι

2645 2349 2849 2412 fratre
2888 2349 3250 2413 Commodo
3290 2371 3477 2414 caesa
3526 2352 3884 2415 memoriae
3915 2349 4128 2436 prodi·

2647 2455 2903 2519 derunt.
2963 2450 3156 2550 Quod
3224 2471 3374 2512 cum
3418 2454 3603 2515 nullo
3657 2453 3853 2516 modo
3901 2450 4132 2537 probae

2640 2557 2775 2620 bile
2803 2559 2918 2632 sit,
2977 2557 3141 2618 alius
3185 2555 3313 2619 hoc
3351 2556 3501 2617 loco
3531 2556 3779 2629 Verus,
3843 2554 3972 2617 alia
4008 2556 4131 2615 Lu·

2643 2660 2797 2722 cilla
2844 2659 2984 2720 siue
3044 2656 3243 2719 dubio
3289 2670 3390 2718 est
3437 2656 3769 2740 capienda.
3827 2657 3902 2717 In
3935 2653 4131 2724 initiis

2641 2763 2732 2823 M.
2752 2759 3007 2822 Aurelii
3041 2757 3476 2831 narravimus,
3521 2770 3774 2841 patrem
3804 2756 3907 2819 illi
3935 2755 4131 2819 fuisse

2641 2862 2923 2923 Annium
2975 2864 3235 2934 Verum,
3292 2873 3563 2921 matrem
3605 2858 3964 2921 Domitiam
3996 2856 4135 2921 Cal·

2644 2963 2866 3025 villam
2890 3006 2908 3038 ‚
2952 2962 3061 3025 cui
3091 2975 3155 3025 et
3182 2965 3476 3024 Lucillus
3517 2981 3758 3024 nomen
3786 2959 3933 3023 fuit.
3993 2962 4133 3030 Hos

2646 3082 2809 3148 ergo
2859 3062 3128 3125 dubium
3172 3083 3306 3126 non
3347 3077 3455 3144 ‚est
3496 3067 3722 3128 Marco
3774 3062 3841 3123 in
3894 3062 4022 3126 hac
4052 3062 4133 3124 de

2648 3164 3009 3227 communi·
3051 3165 3388 3232 hominum
3466 3165 3603 3227 fato
3686 3164 4132 3226 admonitione

2643 3264 2848 3327 fuisse
2909 3265 3305 3329 intellectos.
3380 3265 3575 3361 Quod
3635 3265 3691 3327 si
3746 3264 3893 3349 quis
3955 3264 4135 3326 malit

2642 3368 2964 3430 Lucillam
2994 3380 3277 3431 nostram
3326 3366 3644 3451 intelligi,
3688 3384 3965 3428 necesse
4011 3365 4140 3426 erit

2641 3465 2710 3530 in
2768 3469 2978 3532 altero
3038 3471 3167 3532 hoc
3225 3469 3538 3532 orationis
3585 3466 3924 3531 membro:
4002 3462 4138 3528 ἕαται

2638 3568 2939 3631 Auem...
2958 3615 2971 3642 ,
3008 3569 3376 3633 subaudiri=
3407 3567 3927 3652 ἕξενεχθησεται,
3957 3573 4141 3632 dein·

2641 3676 2721 3734 de
2749 3684 2815 3735 et
2839 3676 3095 3736 Lucilla
3122 3674 3449 3751 efferetur,
3496 3670 3676 3756 quod
3711 3689 3867 3734 sane
3905 3690 4135 3734 oracu-

2640 3774 2776 3837 lum
2811 3787 3025 3835 vatem
3058 3773 3295 3836 fallere
3334 3794 3462 3836 non
3496 3774 3732 3859 potuit.

2767 3878 3003 3938 Liberi.
3061 3875 3387 3937 Habuisse
3420 3895 3561 3937 eam
3578 3876 3824 3939 liberos
3848 3896 3938 3938 ex
3958 3876 4140 3942 Vero

2642 3998 2939 4062 quoque,
2999 3977 3124 4041 etsi
3163 3976 3338 4038 istud
3390 3992 3616 4059 aperte
3674 3998 3805 4039 non
3853 3976 4141 4060 prodant

2641 4081 3047 4163 scriptores,
3079 4077 3427 4158 conjicitur
3471 4099 3552 4141 ex
3595 4078 3738 4161 ejus
3771 4076 3993 4144 numia
4044 4075 4142 4139 in·

2642 4173 2933 4264 scriptis:
2970 4180 3562 4255 FECVNDITAS,
3590 4199 3754 4264 quos
3773 4177 3950 4258 vide,
3997 4193 4138 4243 tum

2644 4300 2728 4347 ex
2752 4283 2864 4358 iis,
2909 4303 3076 4368 quae
3104 4282 3416 4346 continuo
3452 4278 3792 4345 disseram.

2776 4386 2952 4448 Filia
2975 4387 3559 4460 incerti·n0minis,
3615 4396 3818 4469 nupta
3857 4381 4139 4447 Claudio

2858 4595 2921 4662 c)
2961 4589 3282 4670 Capitolia.
3322 4588 3387 4647 in
3415 4588 3575 4649 Vero
3606 4609 3656 4647 c.
3689 4603 3776 4653 ιο.
3925 4588 4000 4667 d)
4019 4591 4140 4651 Ca·

3099 4680 3156 4756 ¹)
3192 4679 3258 4742 ι.
3297 4678 3455 4743 vm.
3496 4683 3544 4756 §-
3582 4688 3671 4745 πε.
