4475 5584
1436 379 1447 392 ’
1508 368 2201 561 conntanvs
2264 430 2395 510 m.

3354 455 3503 535 309

1104 722 1198 784 M.
1280 665 1858 786 ANTONiVS
1942 716 2586 784 GORDIANVS
2666 713 2793 781 111.

540 919 861 989 Gordiani
919 917 1202 983 senioris
1258 936 1343 984 ex
1384 916 1526 985 filio
1569 920 1904 986 Gordiano

409 1025 715 1112 juniore,
759 1034 870 1086 aut
901 1018 1261 1084 secundum
1306 1021 1468 1085 alios
1515 1042 1598 1085 ex
1625 1020 1763 1099 filia
1790 1041 1907 1085 ne-

408 1148 553 1214 pos.
634 1126 740 1188 De
789 1143 995 1199 anno,
1051 1142 1181 1206 quo
1224 1134 1413 1185 natus
1458 1136 1596 1199 eat,
1638 1144 1770 1185 non
1807 1144 1905 1185 sa-

409 1231 497 1293 tis
542 1238 831 1300 constat,
875 1221 994 1287 sed
1027 1225 1309 1287 natalem
1345 1224 1518 1287 x111.
1553 1222 1707 1287 Kal.
1738 1220 1902 1286 Feb.

411 1330 724 1396 evincunt
770 1326 922 1389 bina
973 1324 1373 1391 Kalendaria
1420 1323 1595 1408 apud
1646 1323 1905 1387 Buche-

409 1432 581 1498 rium
648 1429 728 1510 ι).
770 1415 1104 1514 ,Vtroque
1146 1424 1480 1490 Gordiano
1521 1423 1605 1491 V.
1651 1425 1727 1488 C.
1777 1444 1894 1506 qqi

410 1531 705 1596 violenta
740 1549 908 1594 nece
943 1528 1008 1591 in
1041 1526 1266 1592 Africa
1297 1545 1534 1612 magno
1577 1525 1759 1588 urbis
1805 1525 1906 1587 lu·

412 1649 525 1700 ctu
562 1631 923 1709 exstineto,
969 1628 1396 1713 suffectisque
1439 1626 1510 1687 in
1540 1645 1769 1689 eorum
1809 1624 1907 1698 lo-

414 1738 567 1799 cu'm
612 1756 651 1796 a
694 1746 920 1796 senatu
950 1732 1228 1796 Balbino
1272 1742 1337 1790 et
1377 1727 1707 1813 Pupieno,
1751 1747 1904 1791 cum

413 1835 699 1920 populus
728 1829 1015 1918 Pupieni
1040 1831 1452 1896 severitatem
1478 1827 1906 1911 pertimesce-

414 1947 560 2011 ret,
631 1948 699 1998 et
748 1953 868 2019 per
920 1931 1381 1998 incredibilem
1430 1929 1499 1990 in
1536 1929 1905 1992 Gordianos

415 2035 745 2107 adfectum
769 2079 787 2107 ,
835 2034 947 2119 qui
983 2033 1049 2095 in
1074 2054 1266 2098 causa
1302 2029 1469 2113 reip.
1493 2052 1528 2092 a
1549 2028 1904 2118 Maximino

420 2136 740 2201 atrociter
794 2149 1068 2200 vexatae
1145 2133 1343 2198 vitam
1406 2128 1749 2214 abjecere,
1822 2150 1906 2193 ex

416 2236 656 2300 borum
690 2250 886 2321 gente
927 2235 1293 2322 principem
1339 2232 1603 2306 mallet,
1650 2231 1910 2314 obside·

414 2359 497 2403 re
528 2353 749 2423 patres
785 2337 853 2400 in
891 2335 1216 2430 Capitolio
1253 2354 1383 2395 non
1422 2332 1707 2412 destitit,
1752 2332 1906 2395 dum

422 2438 774 2503 arcessitus
808 2433 1004 2524 domo
1042 2434 1410 2499 Gordianus
1450 2454 1646 2517 puer,
1712 2454 1909 2520 quem
1996 2419 2003 2438 ⁶

392 2539 537 2606 ..lii
603 2553 741 2606 tum
801 2537 1150 2609 undecim,
1209 2533 1321 2598 alii
1377 2533 1736 2613 tredecim,
1798 2533 1911 2621 qui

422 2638 821 2726 plurimum,
882 2635 1176 2700 sedecim
1219 2656 1422 2699 annos
1450 2649 1691 2726 rnatum
1736 2635 1914 2700 dixe·

423 2759 543 2816 re,
586 2738 968 2826 positusque
1011 2737 1083 2800 in
1123 2735 1482 2822 concione,
1526 2739 1768 2804 Caesar
1800 2757 1912 2820 ap·

422 2827 810 2927 pensi-etur.

768 3046 846 3109 V.
896 3045 958 3105 c,
1001 3050 1150 3107 991.
1193 3041 1264 3116 p.
1310 3042 1393 3104 Χ.
1435 3029 1584 3104 238.

622 3142 985 3208 CAESAR.
1024 3144 1301 3204 PRINC.
1346 3145 1708 3207 IVVENT.

594 3248 723 3309 Aa.
752 3248 894 3323 Pio,
937 3245 1257 3308 Pontiano
1304 3246 1573 3306 Proculo
1613 3264 1744 3308 cos.

553 3446 887 3532 Pupienus
919 3446 1003 3510 ad
1053 3445 1302 3512 bellum
1352 3443 1667 3510 adversus
1711 3445 1920 3509 Maxi·

430 3549 680 3612 minum
716 3548 885 3627 exit,
928 3547 1244 3611 Balbinus
1281 3560 1349 3609 et
1382 3545 1752 3610 Gordianus
1783 3551 1920 3611 Ro-

432 3670 578 3712 mae
621 3649 954 3712 resistunt.
1002 3649 1167 3712 Orta
1207 3648 1475 3732 ingente
1517 3641 1693 3711 iinter
1730 3669 1921 3733 prae·

434 3751 727 3815 toriancs
786 3771 860 3815 ac
920 3749 1237 3834 populum
1292 3746 1616 3810 seditione
1660 3749 1920 3813 sublato

432 3852 503 3914 in
546 3851 749 3921 altum
788 3851 1127 3915 Gordiano
1183 3873 1441 3938 puero,
1500 3862 1569 3915 et
1621 3851 1917 3934 utrisque

422 3937 766 4017 'ostentato
808 3954 1190 4037 mitigantur
1215 3950 1454 4030 animi,
1504 3967 1571 4016 et
1604 3973 1731 4036 pax
1774 3971 1923 4015 coa·

434 4052 646 4116 leseit.
733 4054 1127 4119 Maximinus
1196 4077 1347 4120 eum
1423 4052 1565 4116 filio
1633 4052 1921 4116 Maximo

436 4153 613 4238 apud
662 4154 1031 4237 Aquileiam
1080 4159 1513 4242 interemptus
1558 4153 1748 4218 novis
1792 4155 1925 4215 Au·

437 4254 644 4336 gustis
677 4253 1026 4339 imperium
1064 4255 1145 4319 fir
1134 4271 1299 4321 ·.mat

720 4359 810 4419 M.
846 4360 1052 4423 AN'r.
1100 4355 1640 4464 GORDIANVS.
1676 4358 1921 4424 CAES-
2010 4420 2014 4424 .

727 4461 933 4541 caput
951 4451 1208 4525 niodum.

378 4677 387 4689 ·
510 4661 577 4742 a)
617 4668 818 4730 Docto
856 4680 1035 4748 temp.
1073 4689 1139 4747 p.
1177 4668 1305 4736 2⁷6.

2014 918 2357 983 PIETAS.
2374 915 3506 1024 AVGG.1mt›-umenfap0nteficalm.

2015 1019 2155 1086 AR.
2197 1021 2337 1084 ΔΕ.
2377 1022 2430 1083 1.
2466 1024 2666 1099 (Mus.
2699 1020 2917 1101 Caes.)

2148 1122 2291 1184 Soli
2340 1120 2409 1184 hi
2452 1133 2600 1183 sunt
2637 1119 2951 1185 Gnidiam
2991 1135 3238 1187 tantum
3275 1126 3505 1198 Caesa

2016 1242 2109 1304 ris
2153 1224 2370 1298 numi,
2428 1222 2485 1284 si
2543 1220 2765 1287 demas
2821 1243 3055 1286 numos
3120 1226 3383 1290 Balbini
3438 1242 3511 1293 et

2015 1322 2298 1407 Pupieni
2319 1343 2465 1386 cum
2504 1336 2659 1406 typo
2679 1322 3160 1400 Liberalitatis,
3198 1329 3304 1391 cui
3336 1330 3507 1396 Gor..

2017 1423 2245 1488 dianus
2273 1446 2398 1486 una
2429 1443 2581 1486 cum
2616 1422 2929 1506 Augustis
2958 1428 3307 1508 praesidet,
3344 1433 3505 1498 item

2014 1546 2284 1587 numum
2327 1524 2651 1608 Pupieni,
2710 1522 2779 1585 in
2837 1524 3024 1607 cujus
3081 1547 3308 1592 aversa
3352 1549 3506 1599 sunt

2017 1625 2228 1709 capita
2273 1625 2537 1690 Balbini
2585 1622 2980 1701 laureatum,
3039 1629 3360 1693 Gordiani
3402 1657 3507 1697 ra·

2019 1726 2286 1796 diatum.
2362 1728 2436 1788 In
2482 1727 2696 1790 antica
2756 1728 3088 1792 variorum
3152 1752 3506 1800 numerum

2020 1829 2428 1894 Graecorum
2490 1842 2875 1910 comparent
2942 1829 3136 1892 etiam
3201 1834 3505 1900 ,omnium

2014 1930 2217 1994 trium
2259 1929 2598 2015 imagines.
2661 1935 2732 1995 In
2757 1934 2861 1997 his
2893 1934 3196 1999 omnibus
3229 1935 3506 2004 Gordia·

2014 2052 2141 2110 nus
2156 2062 2161 2066 ·
2176 2044 2552 2098 constanter
2575 2046 2824 2098 tantum
2848 2040 3081 2098 Caesar
3112 2037 3500 2121 appellatur.

2020 2133 2330 2196 1n·numo
2377 2130 2674 2197 coloniae
2706 2136 3020 2200 Parianae
3056 2139 3305 2218 Mysiae
3343 2137 3507 2204 dici·

2021 2246 2130 2297 tur
2157 2231 2452 2297 monn..
2488 2235 2682 2302 CAE.
2720 2237 2919 2319 (Mus.
2952 2239 3168 2320 Caes.)

2521 2442 2764 2502 Eodem
2803 2461 2975 2505 anno
2992 2463 3021 2507 .·

2014 2572 2211 2635 Are
2219 2573 2520 2636 κενῆς.
2570 2578 2694 2638 Ta.
2740 2579 2813 2641 P.
2863 2533 3038 2642 cos.
3083 2582 3154 2642 P.
3196 2553 3284 2644 it.
3317 2583 3396 2642 P.
3437 2582 3508 2641 ι».

2149 2736 2428 2799 Balbino
2500 2750 2569 2800 et
2621 2740 2920 2825 Pupieno
2986 2765 3024 2804 a
3078 2735 3513 2834 praetorianis

2024 2835 2294 2903 circiter
2342 2852 2623 2902 exeunte
2679 2842 2847 2905 Iulio
2892 2841 3099 2906 caesis
3140 2841 3524 2924 Gordianus

2008 2938 2313 3000 ,unanimi
2374 2958 2695 3002 consensu
2745 2955 2879 3004 tam
2923 2944 3513 3028 praetorianorum,

2025 3060 2221 3125 quam
2249 3053 2508 3102 senatus
2544 3041 2877 3125 Augustus
2909 3047 3349 3109 renunciatur.
3415 3076 3420 3080 ·

2012 3176 2020 3184 ·
2100 3161 2101 3166 ¹
2153 3141 2257 3202 Ex
2300 3141 2556 3217 numis,
2622 3164 2900 3228 quorum
2944 3167 3067 3230 per
3111 3148 3513 3212 mentionem

2016 3241 2179 3304 trib.
2222 3242 2604 3327 potestatis,
2652 3257 2717 3307 et
2761 3247 3140 3310 consulatus
3188 3263 3369 3311 certa
3413 3262 3519 3312 est

2028 3355 2204 3404 aet-as
2229 3386 2249 3420 ,
2294 3337 2602 3427 apparet,
2646 3367 2684 3407 a
2713 3343 3046 3410 Gordiano
3091 3350 3354 3411 nomina
3384 3349 3521 3433 pri-

2029 3464 2209 3506 mum
2263 3448 2403 3519 Pii,
2466 3443 2705 3512 deinde
2765 3451 3002 3511 Felicis
3060 3449 3127 3516 in
3184 3450 3520 3514 tribunatu

2028 3544 2110 3609 11.
2154 3564 2304 3609 esse
2345 3545 2677 3631 adoptata,
2740 3568 2906 3634 quae
2965 3549 3172 3612 semel
3219 3564 3523 3633 suscepta

2030 3646 2100 3709 in
2141 3648 2356 3710 numia
2400 3648 2636 3711 omissa
2681 3672 3006 3735 nunquam
3042 3650 3270 3727 fuere,
3321 3651 3375 3714 si
3408 3650 3520 3714 Li·

2032 3747 2397 3811 beralitatis
2428 3770 2662 3812 numos
2709 3747 2965 3827 demas,
3031 3753 3114 3814 de
3151 3753 3384 3838 quibus
3423 3753 3524 3814 in-

2030 3846 2135 3911 fra
2180 3849 2528 3932 separatim
2567 3865 2822 3933 agetur.
2889 3852 3111 3948 Quare
3143 3853 3347 3922 ‚numi
3383 3873 3524 3916 om·

2032 3968 2187 4025 nes,
2248 3948 2360 4030 qui
2414 3948 2516 4012 his
2562 3950 2769 4014 titulis
2824 3966 3098 4030 carent,
3146 3951 3231 4018 ad
3281 3973 3523 4015 annum

2012 4061 2490 4133 praesentem,
2540 4063 2616 4113 et
2664 4066 2916 4136 partem
2982 4053 3315 4138 sequentis
3372 4052 3521 4135 jure

2033 4149 2394 4236 peutinent.

2035 4256 2112 4316 A.
2317 4250 2497 4316 lMP.
2530 4252 2773 4315 CAES.
2803 4256 2894 4320 M.
2936 4252 3523 4322 ANT.GOR1).1A-

2320 4352 2514 4419 NVS.
2546 4354 2746 4421 AVG.
2795 4357 2996 4434 Caput
3022 4359 3412 4435 laureatum,
3450 4359 3524 4418 in

2322 4459 2468 4520 AV.
2497 4460 2641 4519 ΑΕ.
2679 4457 2741 4519 1.
2772 4457 2884 4519 11..
