4475 5584
1076 438 1171 504 82
1750 515 1763 524 ·
2091 408 2713 487 FAVSTINA
2808 409 3267 488 IVNIOR.

1075 600 1339 683 (Vaill.)
1398 597 1882 682 Philippopolis
1941 597 2303 670 Thraciae,
2360 596 2570 678 (Mus.

1069 703 1292 783 Caes.)
1341 716 1407 765 et
1448 699 1751 764 Anchiali
1797 701 2132 764 Thraciae.
2197 704 2569 780 (Neumann

1069 808 1268 868 Num.
1302 825 1455 888 pop.
1491 825 1554 887 Ρ.
1578 826 1601 863 ι
1622 803 1752 883 ι8.)
1802 804 1875 870 1n
1906 803 2073 864 binis
2103 801 2572 885 integerrimis,

1070 918 1138 968 et
1172 903 1603 989 elegantibus,
1641 924 1805 989 quos
1845 904 2000 966 olim
2019 903 2306 986 vulgavi,
2340 903 2566 982 (Num.

1066 1019 1202 1068 vet.
1247 1028 1313 1090 Ρ.
1358 1004 1527 1085 ι83.)
1593 1018 1661 1067 et
1704 1005 1973 1089 signatis
2017 1004 2298 1065 Nicaeae
2342 1003 2569 1084 Bithy-

1069 1106 1256 1170 niae:
1306 1104 1458 1168 ΑΝ.
1497 1102 1710 1168 NEA.
1760 1098 2340 1167 ‹1›ATcTelNA.
2372 1100 2566 1167 CCB.

983 1191 990 1198 ⁵
1067 1208 1341 1270 Priores
1388 1206 1547 1269 duas
1587 1226 1786 1271 voces
1836 1228 1968 1268 non
2002 1209 2148 1266 esse
2176 1218 2568 1268 connecten-

1077 1308 1228 1385 das,
1294 1308 1388 1371 sic
1438 1322 1511 1369 ut
1556 1307 1910 1391 legendum
1965 1307 2047 1368 sit
2085 1301 2452 1380 ANNGA,
2501 1319 2569 1368 et

1069 1410 1199 1472 hoc
1238 1428 1361 1493 per
1401 1410 1749 1471 monetarii
1797 1409 2052 1493 lapsum
2088 1426 2222 1489 ,pro
2273 1408 2561 1482 ANNIA,

1069 1529 1152 1573 eo
1211 1510 1575 1588 evincitur,
1638 1509 1817 1593 quod
1860 1529 2061 1572 unum
2107 1509 2167 1569 N
2220 1506 2302 1568 ab
2352 1507 2563 1571 altero

1066 1612 1239 1691 justo
1288 1610 1640 1674 intervallo
1695 1623 2070 1695 separatur,
2138 1629 2354 1694 neque
2422 1610 2564 1673 ullo

1065 1726 1264 1795 pacto
1332 1712 1726 1802 verisimile,
1802 1712 2201 1775 monetarios
2267 1712 2333 1772 in
2389 1710 2562 1773 binis

1066 1812 1283 1875 numis
1318 1810 1564 1875 diversi
1587 1813 1726 1897 typi
1769 1811 2005 1876 eodem
2048 1812 2246 1874 modo
2280 1810 2382 1873 bis
2411 1832 2564 1896 pec-

1061 1930 1282 1984 casse,
1347 1912 1656 1975 nimirum
1717 1911 2150 1996 relinquendo
2203 1912 2379 1974 inter
2422 1911 2559 1973 AN

1067 2024 1138 2075 et
1170 2010 1364 2074 NEA
1411 2011 1620 2094 majus
1669 2013 2124 2088 intervallum,
2171 2034 2365 2098 quam
2404 2013 2559 2076 reli-

1062 2133 1192 2197 qua
1237 2112 1683 2197 inscriptionis
1725 2113 1835 2176 lex
1869 2111 2276 2198 postulabat,
2322 2115 2557 2177 deinde

1064 2211 1419 2276 scribendo
1452 2209 1668 2275 Nea.
1726 2236 1851 2299 pro
1886 2213 2078 2277 NIA.
2140 2215 2556 2286 Vocabulum

1058 2308 1257 2373 NEA
1285 2315 1659 2378 necessario
1708 2314 2231 2400 postponendum
2267 2336 2397 2378 non
2430 2331 2552 2393 est,

1061 2432 1212 2475 nam
1258 2427 1326 2477 et
1355 2415 1426 2488 in
1454 2416 1668 2480 munis
1686 2416 2019 2481 Zenodoti
2058 2417 2338 2501 legimus
2362 2416 2426 2481 N
2433 2417 2556 2493 Eo,-

2681 596 2969 676 KAIaoee
3039 610 3113 660 ut
3173 608 3425 662 taceam
3480 616 3716 662 numos
3782 594 4168 682 inscriptos:

2685 698 2928 761 NEOl.
3012 694 3251 763 ΘΕΟΙ.
3342 696 3556 763 NEA.
3634 695 3850 764 HPA.
3923 698 4176 765 NEOI.

2684 795 2968 860 HAIOI.
3030 799 3280 862 Eadem
3322 799 3389 861 in
3432 822 3633 864 numo
3659 799 3959 881 Byzantii
4001 797 4173 884 a‘putl

2682 899 3115 962 Pellerinium
3161 901 3362 981 (ΜΘΗ
3397 902 3509 981 11.)
3567 917 3640 964 et
3682 902 3750 963 in
3793 900 4177 963 Alexandri-

2681 1001 2783 1062 nis
2814 1001 3050 1085 passim
3091 1000 3368 1064 dicitur:
3414 1000 3601 1066 ceB.
3625 996 3937 1064 GTCEB.
3959 994 4172 1066 ΘΤΓ.

2681 1102 2789 1164 vel
2810 1097 3084 1166 ΘΤΓΑ.
3104 1146 3122 1178 ,
3164 1123 3404 1187 nempe
3422 1116 3493 1164 ut
3504 1103 3569 1164 in
3588 1102 3936 1166 Romanis:
3963 1103 4171 1167 AVG.

2679 1202 2820 1263 PII.
2854 1203 3019 1263 FIL.
3085 1204 3504 1292 Magistratus
3552 1223 3827 1266 munere
3871 1202 4174 1287 fungitur

2682 1302 2751 1363 in
2785 1303 2997 1365 numia
3029 1304 3362 1384 Byzantii=
3415 1300 3600 1369 Gru.
3639 1301 3903 1370 ΘΕΑΟ.
3931 1299 4175 1369 ‹DAT-

2683 1398 3050 1468 CTINHC.
3137 1406 3308 1473 Vide
3343 1427 3576 1470 numos
3604 1406 3797 1489 hujus
3825 1405 4034 1471 urbis.

2801 1505 2906 1568 De
2957 1507 3289 1589 argenteis
3340 1509 3448 1569 111.
3494 1505 3749 1593 formae
3800 1507 4176 1602 inscriptisg

2679 1599 2955 1665 TIIGP.
3026 1604 3334 1670 NIKHC.
3399 1603 3919 1683 ΡΩΜΑΙΩΝ,
3991 1611 4170 1689 vide,

2679 1726 2847 1790 quae
2903 1706 3184 1770 diximus
3237 1709 3319 1771 ad
3360 1730 3595 1772 numos
3642 1710 3931 1777 incertae
3981 1713 4170 1776 urbis

2677 1809 3191 1892 Mesopotamiae
3235 1811 3387 1878 Vol.
3442 1813 3555 1872 111.
3600 1834 3666 1896 p.
3696 1813 3858 1889 520,
3924 1836 4054 1899 qua
4104 1815 4172 1877 in

2672 1910 2948 1993 regione
3000 1928 3115 1974 eos
3148 1909 3354 1975 fuisse
3402 1909 3594 1975 cusos
3632 1912 3988 1978 verisimile
4029 1917 4173 1981 exi-

2674 2011 2889 2073 stimo.

2804 2116 3204 2177 Coloniarum
3231 2114 3414 2176 numi
3440 2116 3719 2198 perrari.
3760 2118 4043 2185 Vnicum
4068 2139 4172 2185 re·

2670 2214 2846 2298 perit
2913 2214 3339 2290 Vaillantius,
3399 2217 3593 2299 pauci
3639 2240 3676 2281 a
3729 2220 4010 2303 posteris
4055 2220 4167 2285 ad-

2673 2313 2818 2378 diti.

2795 2420 3233 2482 Alexandrini
3260 2416 3414 2481 satis
3441 2416 3843 2505 frequentes.

2379 2732 2895 2798 PRETIVM.

1447 2851 1789 2911 Commam
1819 2853 2096 2932 Romani
2107 2869 2126 2915 z

1660 2950 1865 3012 Aurei

1953 2995 2618 3019 0000000

1190 3049 1468 3111 Observa
1487 3092 1505 3124 ,
1548 3070 1678 3112 non
1704 3055 1864 3113 mihi
1912 3053 2216 3116 kactenus
2249 3058 2599 3118 occurrisse
2633 3027 2891 3116 nantum
2917 3055 3270 3115 Faustinae
3300 3067 3710 3118 consecratae
3726 3098 3744 3132 ,
3789 3061 3907 3142 qm·
3922 3080 4165 3126 wreus

1062 3149 1273 3222 esset,
1312 3152 1394 3210 de
1438 3171 1563 3230 quo
1597 3154 1744 3213 vide
1760 3195 1778 3227 ,
1839 3173 2008 3234 quae
2052 3159 2443 3218 monebimus
2495 3159 2611 3216 sub
2638 3158 2830 3235 finem
2865 3175 3090 3216 πωπω·
3099 3174 3207 3215 mn
3256 3157 3580 3219 Commode*
3609 3163 3689 3218 de
3716 3160 3909 3236 hujus
3943 3167 4161 3224 namin

1056 3251 1277 3309 aureis
1296 3290 1313 3320 ‚
1358 3250 1574 3326 etjam
1600 3255 1959 3314 monuimus
1994 3275 2188 3332 mpra
2218 3259 2291 3315 in
2324 3260 2412 3318 M.
2431 3259 2698 3320 Aurelio
2718 3300 2736 3332 ,
2779 3276 2904 3339 qao
2930 3257 3071 3319 loco
3104 3258 3186 3317 de
3207 3259 3420 3334 pretio
3452 3277 3783 3322 namot-um
3817 3281 4162 3326 aureorum

1058 3349 1254 3424 lmjm
1285 3352 1568 3430 Auyustt'
1593 3355 1857 3432 aqimus.
1902 3353 2101 3436 (Pag.
2135 3354 2275 3436 76.)

1659 3453 1982 3535 Argentei

1657 3553 1869 3619 Aenei
1903 3575 2075 3617 max.
2112 3552 2370 3626 formae

1641 3757 1852 3820 Aeaei
1896 3758 2006 3818 111.
2050 3756 2307 3820 formae

1467 3861 1811 3923 Commatis
1844 3862 2174 3940 pereyo-im·
2187 3882 2213 3922 .-

1662 3959 1982 4042 Argentei
1990 4002 2625 4025 .......

1656 4060 1939 4145 Reliqua
1980 4060 2134 4127 vide
2172 4062 2399 4146 paullo
2443 4083 2658 4147 supra.

1638 3654 1850 3717 Aeaei
1886 3656 1938 3717 1.
1971 3668 2038 3720 et
2070 3658 2150 3717 11.
2184 3656 2439 3722 formae
2486 3703 2502 3721 .
2594 3704 2613 3725 .

2373 3805 2392 3823 0
2476 3803 2494 3820 0
2585 3806 2607 3827 Ο

2701 3602 2717 3621 Ι
2804 3601 2824 3620 0
2909 3601 2927 3619 O
3013 3600 3458 3636 00000

2698 3700 3462 3724 ........
3550 3663 3624 3725 C·

3562 3965 3771 4028 BRB.

2716 4004 3474 4028 00000000

2155 4363 2437 4427 ANNI
2465 4366 2598 4427 VS
2668 4367 3034 4431 VERVS.

1185 4556 1437 4624 Annius
1472 4557 1690 4627 Verus
1719 4569 1908 4621 natus
1939 4569 2126 4643 patre
2158 4559 2250 4620 M,
2276 4559 2552 4622 Aurelio
2601 4561 2608 4568 “

1062 4660 1232 4743 Aug.
1278 4671 1345 4722 et
1399 4658 1704 4723 Faustina
1754 4659 1926 4744 Aug.
1969 4680 2139 4723 anno
2183 4661 2271 4729 V.
2303 4663 2375 4727 C.
2424 4662 2552 4745 qno

2666 4561 2936 4626 biennio
2960 4574 3113 4649 post
3142 4561 3571 4626 Commodum
3590 4608 3607 4640 ,
3650 4577 3720 4627 et
3749 4565 4151 4629 Antoninum

2667 4647 2968 4751 geminos
3010 4665 3080 4728 in
3126 4664 3344 4728 lucem
3383 4663 3632 4750 edit9s,
3676 4666 3789 4751 qui
3825 4689 4033 4732 annus
4066 4688 4151 4731 ex
