<?xml version="1.0" encoding="UTF-8"?>
<!DOCTYPE html PUBLIC "-//W3C//DTD XHTML 1.0 Transitional//EN"
    "http://www.w3.org/TR/xhtml1/DTD/xhtml1-transitional.dtd">
<html xmlns="http://www.w3.org/1999/xhtml" xml:lang="en" lang="en">
 <head>
  <title>
</title>
<meta http-equiv="Content-Type" content="text/html;charset=utf-8" />
  <meta name='ocr-system' content='tesseract 3.04.00' />
  <meta name='ocr-capabilities' content='ocr_page ocr_carea ocr_par ocr_line ocrx_word'/>
</head>
<body>
  <div class='ocr_page' id='page_1' title='image "./doctrinanumorum09unkngoog_0041.png"; bbox 0 0 4475 5584; ppageno 0'>
   <div class='ocr_carea' id='block_1_1' title="bbox 1390 477 3482 593">
    <p class='ocr_par' dir='ltr' id='par_1_1' title="bbox 1390 477 3482 593">
     <span class='ocr_line' id='line_1_1' title="bbox 1390 477 3482 593; baseline 0 -40"><span class='ocrx_word' id='word_1_1' title='bbox 1390 478 2098 555; x_wconf 80' lang='lat' dir='ltr'><strong>ANTONINVS</strong></span> <span class='ocrx_word' id='word_1_2' title='bbox 2197 477 2499 553; x_wconf 75' lang='lat' dir='ltr'><strong>Plvs</strong></span> <span class='ocrx_word' id='word_1_3' title='bbox 3387 502 3482 593; x_wconf 79' lang='lat'><strong>29</strong></span> 
     </span>
    </p>
   </div>
   <div class='ocr_carea' id='block_1_2' title="bbox 383 669 1887 1357">
    <p class='ocr_par' dir='ltr' id='par_1_2' title="bbox 383 669 1887 935">
     <span class='ocr_line' id='line_1_2' title="bbox 673 669 1255 729; baseline -0.005 0"><span class='ocrx_word' id='word_1_4' title='bbox 673 671 921 729; x_wconf 80' lang='lat' dir='ltr'><strong>Eadem</strong></span> <span class='ocrx_word' id='word_1_5' title='bbox 964 669 1255 727; x_wconf 77' lang='lat' dir='ltr'><strong>adversa.</strong></span> 
     </span>
     <span class='ocr_line' id='line_1_3' title="bbox 383 765 1887 843; baseline -0.005 -11"><span class='ocrx_word' id='word_1_6' title='bbox 383 770 564 832; x_wconf 71' lang='lat' dir='ltr'><strong>mr.</strong></span> <span class='ocrx_word' id='word_1_7' title='bbox 612 772 685 830; x_wconf 64' lang='grc' dir='ltr'><strong>[ι.</strong></span> <span class='ocrx_word' id='word_1_8' title='bbox 723 769 1040 834; x_wconf 76' lang='lat' dir='ltr'><strong>AVREL.</strong></span> <span class='ocrx_word' id='word_1_9' title='bbox 1078 765 1390 833; x_wconf 85' lang='lat' dir='ltr'><strong>VERVS.</strong></span> <span class='ocrx_word' id='word_1_10' title='bbox 1431 765 1636 832; x_wconf 84' lang='lat' dir='ltr'><strong>AVG.</strong></span> <span class='ocrx_word' id='word_1_11' title='bbox 1682 767 1887 843; x_wconf 78' lang='lat' dir='ltr'><strong>Caput</strong></span> 
     </span>
     <span class='ocr_line' id='line_1_4' title="bbox 388 870 1123 935; baseline -0.005 0"><span class='ocrx_word' id='word_1_12' title='bbox 388 876 460 935; x_wconf 68' lang='grc' dir='ltr'><strong>ἱ.-</strong></span> <span class='ocrx_word' id='word_1_13' title='bbox 515 876 666 935; x_wconf 72' lang='lat' dir='ltr'><strong>Veri</strong></span> <span class='ocrx_word' id='word_1_14' title='bbox 692 875 952 932; x_wconf 67' lang='lat' dir='ltr'><strong>madum.</strong></span> <span class='ocrx_word' id='word_1_15' title='bbox 985 870 1123 931; x_wconf 77' lang='lat' dir='ltr'><strong>AR.</strong></span> 
     </span>
    </p>

    <p class='ocr_par' dir='ltr' id='par_1_3' title="bbox 388 966 1884 1357">
     <span class='ocr_line' id='line_1_5' title="bbox 517 966 1881 1056; baseline -0.007 -21"><span class='ocrx_word' id='word_1_16' title='bbox 517 971 886 1056; x_wconf 74' lang='lat' dir='ltr'><strong>Singularis</strong></span> <span class='ocrx_word' id='word_1_17' title='bbox 921 970 1030 1034; x_wconf 91' lang='lat' dir='ltr'><strong>hic</strong></span> <span class='ocrx_word' id='word_1_18' title='bbox 1081 991 1354 1045; x_wconf 85' lang='lat' dir='ltr'><strong>numus,</strong></span> <span class='ocrx_word' id='word_1_19' title='bbox 1396 966 1523 1031; x_wconf 87' lang='lat' dir='ltr'><strong>nisi</strong></span> <span class='ocrx_word' id='word_1_20' title='bbox 1554 966 1727 1030; x_wconf 80' lang='lat' dir='ltr'><strong>forte</strong></span> <span class='ocrx_word' id='word_1_21' title='bbox 1756 987 1881 1027; x_wconf 86' lang='lat' dir='ltr'><strong>una</strong></span> 
     </span>
     <span class='ocr_line' id='line_1_6' title="bbox 389 1070 1884 1160; baseline -0.007 -23"><span class='ocrx_word' id='word_1_22' title='bbox 389 1074 784 1160; x_wconf 77' lang='lat' dir='ltr'>permutatio</span> <span class='ocrx_word' id='word_1_23' title='bbox 843 1070 1174 1147; x_wconf 79' lang='lat' dir='ltr'><strong>matricis,</strong></span> <span class='ocrx_word' id='word_1_24' title='bbox 1236 1083 1346 1133; x_wconf 85' lang='lat' dir='ltr'><strong>aut</strong></span> <span class='ocrx_word' id='word_1_25' title='bbox 1389 1071 1727 1154; x_wconf 80' lang='lat' dir='ltr'><strong>quaepiam</strong></span> <span class='ocrx_word' id='word_1_26' title='bbox 1776 1087 1884 1128; x_wconf 82' lang='lat' dir='ltr'><strong>ve·</strong></span> 
     </span>
     <span class='ocr_line' id='line_1_7' title="bbox 388 1168 1882 1258; baseline -0.006 -20"><span class='ocrx_word' id='word_1_27' title='bbox 388 1175 553 1238; x_wconf 87' lang='lat' dir='ltr'><strong>teris</strong></span> <span class='ocrx_word' id='word_1_28' title='bbox 590 1174 968 1258; x_wconf 72' lang='lat' dir='ltr'><strong>impostoris</strong></span> <span class='ocrx_word' id='word_1_29' title='bbox 996 1172 1174 1233; x_wconf 84' lang='lat' dir='ltr'><strong>frans</strong></span> <span class='ocrx_word' id='word_1_30' title='bbox 1205 1172 1603 1256; x_wconf 83' lang='lat' dir='ltr'><strong>singularem</strong></span> <span class='ocrx_word' id='word_1_31' title='bbox 1638 1168 1882 1242; x_wconf 84' lang='lat' dir='ltr'><strong>effecit,</strong></span> 
     </span>
     <span class='ocr_line' id='line_1_8' title="bbox 390 1260 1884 1357; baseline -0.005 -18"><span class='ocrx_word' id='word_1_32' title='bbox 390 1277 607 1340; x_wconf 86' lang='lat' dir='ltr'><strong>editus</strong></span> <span class='ocrx_word' id='word_1_33' title='bbox 663 1289 764 1339; x_wconf 87' lang='lat' dir='ltr'><strong>est</strong></span> <span class='ocrx_word' id='word_1_34' title='bbox 793 1297 828 1337; x_wconf 81' lang='lat' dir='ltr'><strong>a</strong></span> <span class='ocrx_word' id='word_1_35' title='bbox 864 1260 1178 1357; x_wconf 83' lang='lat' dir='ltr'><strong>Vignolio</strong></span> <span class='ocrx_word' id='word_1_36' title='bbox 1215 1273 1283 1334; x_wconf 92' lang='lat' dir='ltr'><strong>in</strong></span> <span class='ocrx_word' id='word_1_37' title='bbox 1319 1272 1774 1337; x_wconf 76' lang='lat' dir='ltr'><strong>dissertatione</strong></span> <span class='ocrx_word' id='word_1_38' title='bbox 1800 1269 1884 1333; x_wconf 89' lang='lat' dir='ltr'><strong>de</strong></span> 
     </span>
    </p>
   </div>
   <div class='ocr_carea' id='block_1_3' title="bbox 391 1375 1195 1460">
    <p class='ocr_par' dir='ltr' id='par_1_4' title="bbox 391 1375 1195 1460">
     <span class='ocr_line' id='line_1_9' title="bbox 391 1375 1195 1460; baseline -0.01 -13"><span class='ocrx_word' id='word_1_39' title='bbox 391 1380 713 1447; x_wconf 86' lang='lat' dir='ltr'><strong>Columna</strong></span> <span class='ocrx_word' id='word_1_40' title='bbox 747 1381 901 1441; x_wconf 91' lang='lat' dir='ltr'><strong>Ant.</strong></span> <span class='ocrx_word' id='word_1_41' title='bbox 945 1397 1012 1460; x_wconf 84' lang='lat' dir='ltr'><strong>p.</strong></span> <span class='ocrx_word' id='word_1_42' title='bbox 1057 1375 1195 1458; x_wconf 70' lang='lat'><strong>267.</strong></span> 
     </span>
    </p>
   </div>
   <div class='ocr_carea' id='block_1_4' title="bbox 471 1578 1784 1766">
    <p class='ocr_par' dir='ltr' id='par_1_5' title="bbox 471 1578 1784 1766">
     <span class='ocr_line' id='line_1_10' title="bbox 801 1578 1500 1645; baseline -0.009 0"><span class='ocrx_word' id='word_1_43' title='bbox 801 1583 1037 1645; x_wconf 77' lang='lat' dir='ltr'><strong>Numi</strong></span> <span class='ocrx_word' id='word_1_44' title='bbox 1078 1578 1500 1641; x_wconf 56' lang='lat' dir='ltr'><strong>Antonini</strong></span> 
     </span>
     <span class='ocr_line' id='line_1_11' title="bbox 471 1682 1784 1766; baseline -0.006 -21"><span class='ocrx_word' id='word_1_45' title='bbox 471 1686 927 1766; x_wconf 70' lang='lat' dir='ltr'><strong>antiquitatem</strong></span> <span class='ocrx_word' id='word_1_46' title='bbox 966 1687 1324 1747; x_wconf 76' lang='lat' dir='ltr'><strong>Romanam</strong></span> <span class='ocrx_word' id='word_1_47' title='bbox 1364 1682 1784 1742; x_wconf 67' lang='lat' dir='ltr'><strong>restituentes.</strong></span> 
     </span>
    </p>
   </div>
   <div class='ocr_carea' id='block_1_5' title="bbox 390 1877 1896 2681">
    <p class='ocr_par' dir='ltr' id='par_1_6' title="bbox 390 1877 1896 2681">
     <span class='ocr_line' id='line_1_12' title="bbox 516 1877 1893 1966; baseline -0.008 -15"><span class='ocrx_word' id='word_1_48' title='bbox 516 1886 606 1951; x_wconf 87' lang='lat' dir='ltr'><strong>Vt</strong></span> <span class='ocrx_word' id='word_1_49' title='bbox 634 1882 1029 1966; x_wconf 79' lang='lat' dir='ltr'><strong>religionem</strong></span> <span class='ocrx_word' id='word_1_50' title='bbox 1052 1881 1312 1956; x_wconf 74' lang='lat' dir='ltr'><strong>avitam,</strong></span> <span class='ocrx_word' id='word_1_51' title='bbox 1348 1902 1425 1944; x_wconf 89' lang='lat' dir='ltr'><strong>ac</strong></span> <span class='ocrx_word' id='word_1_52' title='bbox 1462 1877 1893 1945; x_wconf 80' lang='lat' dir='ltr'><strong>eaerimonias</strong></span> 
     </span>
     <span class='ocr_line' id='line_1_13' title="bbox 397 1981 1896 2068; baseline -0.006 -18"><span class='ocrx_word' id='word_1_53' title='bbox 397 2003 796 2052; x_wconf 79' lang='lat' dir='ltr'><strong>conservare</strong></span> <span class='ocrx_word' id='word_1_54' title='bbox 830 1985 1119 2068; x_wconf 82' lang='lat' dir='ltr'><strong>integras</strong></span> <span class='ocrx_word' id='word_1_55' title='bbox 1140 2027 1159 2059; x_wconf 93' lang='lat'><strong>,</strong></span> <span class='ocrx_word' id='word_1_56' title='bbox 1195 2004 1270 2046; x_wconf 88' lang='lat' dir='ltr'><strong>ac</strong></span> <span class='ocrx_word' id='word_1_57' title='bbox 1305 2002 1499 2066; x_wconf 85' lang='lat' dir='ltr'><strong>puras</strong></span> <span class='ocrx_word' id='word_1_58' title='bbox 1537 1981 1713 2045; x_wconf 88' lang='lat' dir='ltr'><strong>omni</strong></span> <span class='ocrx_word' id='word_1_59' title='bbox 1742 2000 1896 2044; x_wconf 89' lang='lat' dir='ltr'><strong>con-</strong></span> 
     </span>
     <span class='ocr_line' id='line_1_14' title="bbox 394 2085 1893 2166; baseline -0.005 -13"><span class='ocrx_word' id='word_1_60' title='bbox 394 2089 692 2153; x_wconf 84' lang='lat' dir='ltr'><strong>tentione</strong></span> <span class='ocrx_word' id='word_1_61' title='bbox 762 2085 1171 2150; x_wconf 77' lang='lat' dir='ltr'><strong>adlaboravit</strong></span> <span class='ocrx_word' id='word_1_62' title='bbox 1227 2085 1628 2157; x_wconf 85' lang='lat' dir='ltr'><strong>Antoninus,</strong></span> <span class='ocrx_word' id='word_1_63' title='bbox 1696 2097 1893 2166; x_wconf 85' lang='lat' dir='ltr'><strong>atque</strong></span> 
     </span>
     <span class='ocr_line' id='line_1_15' title="bbox 398 2185 1896 2269; baseline -0.006 -15"><span class='ocrx_word' id='word_1_64' title='bbox 398 2192 595 2254; x_wconf 78' lang='lat' dir='ltr'><strong>etiam</strong></span> <span class='ocrx_word' id='word_1_65' title='bbox 640 2188 772 2253; x_wconf 89' lang='lat' dir='ltr'><strong>boc</strong></span> <span class='ocrx_word' id='word_1_66' title='bbox 826 2187 1021 2250; x_wconf 83' lang='lat' dir='ltr'><strong>titulo</strong></span> <span class='ocrx_word' id='word_1_67' title='bbox 1071 2188 1242 2248; x_wconf 86' lang='lat' dir='ltr'><strong>alter</strong></span> <span class='ocrx_word' id='word_1_68' title='bbox 1291 2189 1504 2249; x_wconf 84' lang='lat' dir='ltr'><strong>Numa</strong></span> <span class='ocrx_word' id='word_1_69' title='bbox 1545 2185 1747 2269; x_wconf 79' lang='lat' dir='ltr'><strong>vulgo</strong></span> <span class='ocrx_word' id='word_1_70' title='bbox 1796 2196 1896 2246; x_wconf 87' lang='lat' dir='ltr'><strong>est</strong></span> 
     </span>
     <span class='ocr_line' id='line_1_16' title="bbox 394 2287 1893 2368; baseline -0.004 -14"><span class='ocrx_word' id='word_1_71' title='bbox 394 2292 691 2368; x_wconf 83' lang='lat' dir='ltr'><strong>babitus,</strong></span> <span class='ocrx_word' id='word_1_72' title='bbox 766 2290 857 2352; x_wconf 82' lang='lat' dir='ltr'><strong>ita</strong></span> <span class='ocrx_word' id='word_1_73' title='bbox 918 2300 986 2350; x_wconf 89' lang='lat' dir='ltr'><strong>et</strong></span> <span class='ocrx_word' id='word_1_74' title='bbox 1046 2292 1297 2351; x_wconf 82' lang='lat' dir='ltr'><strong>Romae</strong></span> <span class='ocrx_word' id='word_1_75' title='bbox 1384 2287 1750 2361; x_wconf 86' lang='lat' dir='ltr'><strong>nascentis,</strong></span> <span class='ocrx_word' id='word_1_76' title='bbox 1815 2304 1893 2348; x_wconf 87' lang='lat' dir='ltr'><strong>ac</strong></span> 
     </span>
     <span class='ocr_line' id='line_1_17' title="bbox 392 2386 1896 2478; baseline -0.005 -22"><span class='ocrx_word' id='word_1_77' title='bbox 392 2394 589 2478; x_wconf 84' lang='lat' dir='ltr'><strong>primi</strong></span> <span class='ocrx_word' id='word_1_78' title='bbox 634 2391 780 2475; x_wconf 87' lang='lat' dir='ltr'><strong>ejus</strong></span> <span class='ocrx_word' id='word_1_79' title='bbox 816 2391 971 2453; x_wconf 73' lang='lat' dir='ltr'><strong>aevi</strong></span> <span class='ocrx_word' id='word_1_80' title='bbox 998 2389 1299 2475; x_wconf 80' lang='lat' dir='ltr'><strong>prodigia</strong></span> <span class='ocrx_word' id='word_1_81' title='bbox 1335 2411 1591 2452; x_wconf 88' lang='lat' dir='ltr'><strong>summa</strong></span> <span class='ocrx_word' id='word_1_82' title='bbox 1625 2386 1896 2470; x_wconf 78' lang='lat' dir='ltr'><strong>religio-</strong></span> 
     </span>
     <span class='ocr_line' id='line_1_18' title="bbox 396 2492 1893 2577; baseline -0.004 -21"><span class='ocrx_word' id='word_1_83' title='bbox 396 2515 480 2557; x_wconf 91' lang='lat' dir='ltr'><strong>ne</strong></span> <span class='ocrx_word' id='word_1_84' title='bbox 514 2492 907 2568; x_wconf 80' lang='lat' dir='ltr'><strong>observavit,</strong></span> <span class='ocrx_word' id='word_1_85' title='bbox 952 2510 1313 2577; x_wconf 85' lang='lat' dir='ltr'><strong>eorumque</strong></span> <span class='ocrx_word' id='word_1_86' title='bbox 1352 2492 1735 2554; x_wconf 85' lang='lat' dir='ltr'><strong>memoriam</strong></span> <span class='ocrx_word' id='word_1_87' title='bbox 1765 2510 1893 2573; x_wconf 86' lang='lat' dir='ltr'><strong>qua</strong></span> 
     </span>
     <span class='ocr_line' id='line_1_19' title="bbox 390 2590 1884 2681; baseline -0.006 -22"><span class='ocrx_word' id='word_1_88' title='bbox 390 2598 606 2681; x_wconf 86' lang='lat' dir='ltr'><strong>potuit</strong></span> <span class='ocrx_word' id='word_1_89' title='bbox 670 2596 926 2656; x_wconf 86' lang='lat' dir='ltr'><strong>ratione</strong></span> <span class='ocrx_word' id='word_1_90' title='bbox 988 2593 1072 2656; x_wconf 88' lang='lat' dir='ltr'><strong>ad</strong></span> <span class='ocrx_word' id='word_1_91' title='bbox 1140 2593 1590 2658; x_wconf 82' lang='lat' dir='ltr'><strong>renovandum</strong></span> <span class='ocrx_word' id='word_1_92' title='bbox 1646 2590 1884 2654; x_wconf 81' lang='lat' dir='ltr'><strong>civium</strong></span> 
     </span>
    </p>
   </div>
   <div class='ocr_carea' id='block_1_6' title="bbox 392 2691 1949 2781">
    <p class='ocr_par' dir='ltr' id='par_1_7' title="bbox 392 2691 1949 2781">
     <span class='ocr_line' id='line_1_20' title="bbox 392 2691 1949 2781; baseline -0.006 -22"><span class='ocrx_word' id='word_1_93' title='bbox 392 2698 464 2759; x_wconf 87' lang='lat' dir='ltr'><strong>in</strong></span> <span class='ocrx_word' id='word_1_94' title='bbox 539 2696 815 2781; x_wconf 63' lang='lat' dir='ltr'><strong>pat‘riam</strong></span> <span class='ocrx_word' id='word_1_95' title='bbox 860 2715 1150 2758; x_wconf 90' lang='lat' dir='ltr'><strong>amorem</strong></span> <span class='ocrx_word' id='word_1_96' title='bbox 1198 2694 1553 2758; x_wconf 81' lang='lat' dir='ltr'><strong>revocavit.</strong></span> <span class='ocrx_word' id='word_1_97' title='bbox 1614 2691 1887 2755; x_wconf 85' lang='lat' dir='ltr'><strong>Acuerit</strong></span> <span class='ocrx_word' id='word_1_98' title='bbox 1944 2733 1949 2749; x_wconf 92' lang='lat'><strong>.</strong></span> 
     </span>
    </p>
   </div>
   <div class='ocr_carea' id='block_1_7' title="bbox 389 2796 1887 3085">
    <p class='ocr_par' dir='ltr' id='par_1_8' title="bbox 389 2796 1887 3085">
     <span class='ocr_line' id='line_1_21' title="bbox 389 2796 1886 2884; baseline -0.006 -22"><span class='ocrx_word' id='word_1_99' title='bbox 389 2800 759 2884; x_wconf 86' lang='lat' dir='ltr'><strong>principem</strong></span> <span class='ocrx_word' id='word_1_100' title='bbox 808 2816 1007 2880; x_wconf 87' lang='lat' dir='ltr'><strong>super</strong></span> <span class='ocrx_word' id='word_1_101' title='bbox 1051 2796 1335 2858; x_wconf 87' lang='lat' dir='ltr'><strong>innatam</strong></span> <span class='ocrx_word' id='word_1_102' title='bbox 1370 2796 1681 2879; x_wconf 84' lang='lat' dir='ltr'><strong>pietatem</strong></span> <span class='ocrx_word' id='word_1_103' title='bbox 1715 2806 1886 2854; x_wconf 86' lang='lat' dir='ltr'><strong>nata·</strong></span> 
     </span>
     <span class='ocr_line' id='line_1_22' title="bbox 390 2893 1887 2981; baseline -0.008 -16"><span class='ocrx_word' id='word_1_104' title='bbox 390 2902 475 2965; x_wconf 92' lang='lat' dir='ltr'><strong>lis</strong></span> <span class='ocrx_word' id='word_1_105' title='bbox 506 2900 689 2962; x_wconf 85' lang='lat' dir='ltr'><strong>urbis</strong></span> <span class='ocrx_word' id='word_1_106' title='bbox 715 2897 1252 2981; x_wconf 78' lang='lat' dir='ltr'><strong>nongentesimus</strong></span> <span class='ocrx_word' id='word_1_107' title='bbox 1274 2941 1292 2969; x_wconf 86' lang='lat'><strong>,</strong></span> <span class='ocrx_word' id='word_1_108' title='bbox 1337 2915 1529 2980; x_wconf 88' lang='lat' dir='ltr'><strong>quem</strong></span> <span class='ocrx_word' id='word_1_109' title='bbox 1562 2893 1887 2959; x_wconf 86' lang='lat' dir='ltr'><strong>celebrari</strong></span> 
     </span>
     <span class='ocr_line' id='line_1_23' title="bbox 394 2996 1887 3085; baseline -0.007 -19"><span class='ocrx_word' id='word_1_110' title='bbox 394 3025 469 3066; x_wconf 76' lang='lat' dir='ltr'><strong>se</strong></span> <span class='ocrx_word' id='word_1_111' title='bbox 516 3003 884 3085; x_wconf 77' lang='lat' dir='ltr'><strong>imperante</strong></span> <span class='ocrx_word' id='word_1_112' title='bbox 932 3000 1228 3082; x_wconf 86' lang='lat' dir='ltr'><strong>contigit.</strong></span> <span class='ocrx_word' id='word_1_113' title='bbox 1287 2999 1390 3061; x_wconf 87' lang='lat' dir='ltr'><strong>De</strong></span> <span class='ocrx_word' id='word_1_114' title='bbox 1437 2996 1677 3079; x_wconf 71' lang='lat' dir='ltr'><strong>ejusjn</strong></span> <span class='ocrx_word' id='word_1_115' title='bbox 1727 2996 1887 3057; x_wconf 88' lang='lat' dir='ltr'><strong>anti-</strong></span> 
     </span>
    </p>
   </div>
   <div class='ocr_carea' id='block_1_8' title="bbox 392 3097 1918 3189">
    <p class='ocr_par' dir='ltr' id='par_1_9' title="bbox 392 3097 1918 3189">
     <span class='ocr_line' id='line_1_24' title="bbox 392 3097 1918 3189; baseline -0.007 -24"><span class='ocrx_word' id='word_1_116' title='bbox 392 3103 709 3189; x_wconf 84' lang='lat' dir='ltr'><strong>quitatem</strong></span> <span class='ocrx_word' id='word_1_117' title='bbox 756 3099 1030 3187; x_wconf 86' lang='lat' dir='ltr'><strong>patriam</strong></span> <span class='ocrx_word' id='word_1_118' title='bbox 1076 3100 1495 3162; x_wconf 72' lang='lat' dir='ltr'><strong>observantia·</strong></span> <span class='ocrx_word' id='word_1_119' title='bbox 1540 3097 1702 3158; x_wconf 87' lang='lat' dir='ltr'><strong>nihil</strong></span> <span class='ocrx_word' id='word_1_120' title='bbox 1755 3115 1918 3158; x_wconf 77' lang='lat' dir='ltr'><strong>me·-</strong></span> 
     </span>
    </p>
   </div>
   <div class='ocr_carea' id='block_1_9' title="bbox 388 3199 1891 4199">
    <p class='ocr_par' dir='ltr' id='par_1_10' title="bbox 388 3199 1891 4199">
     <span class='ocr_line' id='line_1_25' title="bbox 392 3199 1889 3287; baseline -0.007 -18"><span class='ocrx_word' id='word_1_121' title='bbox 392 3204 643 3287; x_wconf 81' lang='lat' dir='ltr'><strong>moriae</strong></span> <span class='ocrx_word' id='word_1_122' title='bbox 686 3199 1043 3285; x_wconf 82' lang='lat' dir='ltr'><strong>prodidere</strong></span> <span class='ocrx_word' id='word_1_123' title='bbox 1082 3201 1470 3285; x_wconf 79' lang='lat' dir='ltr'><strong>superstites</strong></span> <span class='ocrx_word' id='word_1_124' title='bbox 1499 3219 1722 3262; x_wconf 89' lang='lat' dir='ltr'><strong>rerum</strong></span> <span class='ocrx_word' id='word_1_125' title='bbox 1755 3200 1889 3259; x_wconf 84' lang='lat' dir='ltr'><strong>Ro-</strong></span> 
     </span>
     <span class='ocr_line' id='line_1_26' title="bbox 393 3299 1887 3387; baseline -0.006 -17"><span class='ocrx_word' id='word_1_126' title='bbox 393 3324 734 3369; x_wconf 85' lang='lat' dir='ltr'><strong>manarum</strong></span> <span class='ocrx_word' id='word_1_127' title='bbox 763 3303 1153 3387; x_wconf 75' lang='lat' dir='ltr'><strong>scriptores:</strong></span> <span class='ocrx_word' id='word_1_128' title='bbox 1189 3307 1438 3384; x_wconf 76' lang='lat' dir='ltr'><strong>&#39;I&#39;amen</strong></span> <span class='ocrx_word' id='word_1_129' title='bbox 1463 3301 1720 3384; x_wconf 85' lang='lat' dir='ltr'><strong>insigne</strong></span> <span class='ocrx_word' id='word_1_130' title='bbox 1744 3299 1887 3383; x_wconf 84' lang='lat' dir='ltr'><strong>ejus</strong></span> 
     </span>
     <span class='ocr_line' id='line_1_27' title="bbox 392 3403 1889 3487; baseline -0.007 -15"><span class='ocrx_word' id='word_1_131' title='bbox 392 3408 638 3471; x_wconf 71' lang='lat' dir='ltr'><strong>sactum</strong></span> <span class='ocrx_word' id='word_1_132' title='bbox 689 3403 818 3466; x_wconf 87' lang='lat' dir='ltr'><strong>huc</strong></span> <span class='ocrx_word' id='word_1_133' title='bbox 848 3405 1188 3487; x_wconf 82' lang='lat' dir='ltr'><strong>pertinens</strong></span> <span class='ocrx_word' id='word_1_134' title='bbox 1219 3415 1687 3466; x_wconf 83' lang='lat' dir='ltr'><strong>commemorat</strong></span> <span class='ocrx_word' id='word_1_135' title='bbox 1723 3403 1889 3464; x_wconf 87' lang='lat' dir='ltr'><strong>Pau·</strong></span> 
     </span>
     <span class='ocr_line' id='line_1_28' title="bbox 388 3503 1889 3592; baseline -0.007 -19"><span class='ocrx_word' id='word_1_136' title='bbox 388 3511 642 3585; x_wconf 77' lang='lat' dir='ltr'><strong>sanias,</strong></span> <span class='ocrx_word' id='word_1_137' title='bbox 705 3505 819 3592; x_wconf 85' lang='lat' dir='ltr'><strong>qni</strong></span> <span class='ocrx_word' id='word_1_138' title='bbox 865 3517 1124 3581; x_wconf 86' lang='lat' dir='ltr'><strong>narrat,</strong></span> <span class='ocrx_word' id='word_1_139' title='bbox 1187 3505 1583 3567; x_wconf 66' lang='lat' dir='ltr'><strong>Antoninu&#39;m</strong></span> <span class='ocrx_word' id='word_1_140' title='bbox 1632 3503 1889 3564; x_wconf 84' lang='lat' dir='ltr'><strong>Pallan-</strong></span> 
     </span>
     <span class='ocr_line' id='line_1_29' title="bbox 392 3602 1890 3688; baseline -0.007 -14"><span class='ocrx_word' id='word_1_141' title='bbox 392 3612 559 3674; x_wconf 87' lang='lat' dir='ltr'><strong>tium</strong></span> <span class='ocrx_word' id='word_1_142' title='bbox 597 3605 951 3682; x_wconf 79' lang='lat' dir='ltr'><strong>Arcadiae,</strong></span> <span class='ocrx_word' id='word_1_143' title='bbox 998 3626 1148 3668; x_wconf 87' lang='lat' dir='ltr'><strong>cum</strong></span> <span class='ocrx_word' id='word_1_144' title='bbox 1182 3606 1367 3669; x_wconf 79' lang='lat' dir='ltr'><strong>vicus</strong></span> <span class='ocrx_word' id='word_1_145' title='bbox 1410 3617 1586 3667; x_wconf 86' lang='lat' dir='ltr'><strong>esset</strong></span> <span class='ocrx_word' id='word_1_146' title='bbox 1636 3602 1890 3688; x_wconf 83' lang='lat' dir='ltr'><strong>ignobi·</strong></span> 
     </span>
     <span class='ocr_line' id='line_1_30' title="bbox 391 3703 1891 3790; baseline -0.005 -16"><span class='ocrx_word' id='word_1_147' title='bbox 391 3713 521 3785; x_wconf 86' lang='lat' dir='ltr'><strong>Iis,</strong></span> <span class='ocrx_word' id='word_1_148' title='bbox 576 3711 646 3773; x_wconf 90' lang='lat' dir='ltr'><strong>in</strong></span> <span class='ocrx_word' id='word_1_149' title='bbox 710 3707 892 3771; x_wconf 85' lang='lat' dir='ltr'><strong>urbis</strong></span> <span class='ocrx_word' id='word_1_150' title='bbox 938 3703 1221 3767; x_wconf 83' lang='lat' dir='ltr'><strong>formam</strong></span> <span class='ocrx_word' id='word_1_151' title='bbox 1290 3708 1671 3790; x_wconf 86' lang='lat' dir='ltr'><strong>ampliasse,</strong></span> <span class='ocrx_word' id='word_1_152' title='bbox 1732 3703 1891 3766; x_wconf 89' lang='lat' dir='ltr'><strong>libe-</strong></span> 
     </span>
     <span class='ocr_line' id='line_1_31' title="bbox 389 3805 1887 3900; baseline -0.005 -24"><span class='ocrx_word' id='word_1_153' title='bbox 389 3830 712 3900; x_wconf 80' lang='lat' dir='ltr'><strong>rumqne,</strong></span> <span class='ocrx_word' id='word_1_154' title='bbox 768 3821 838 3871; x_wconf 89' lang='lat' dir='ltr'><strong>et</strong></span> <span class='ocrx_word' id='word_1_155' title='bbox 894 3829 930 3869; x_wconf 86' lang='lat' dir='ltr'><strong>a</strong></span> <span class='ocrx_word' id='word_1_156' title='bbox 970 3805 1232 3868; x_wconf 80' lang='lat' dir='ltr'><strong>tributis</strong></span> <span class='ocrx_word' id='word_1_157' title='bbox 1281 3807 1570 3870; x_wconf 85' lang='lat' dir='ltr'><strong>immune</strong></span> <span class='ocrx_word' id='word_1_158' title='bbox 1627 3807 1887 3882; x_wconf 86' lang='lat' dir='ltr'><strong>fecisse,</strong></span> 
     </span>
     <span class='ocr_line' id='line_1_32' title="bbox 392 3908 1888 4000; baseline -0.005 -23"><span class='ocrx_word' id='word_1_159' title='bbox 392 3914 707 4000; x_wconf 87' lang='lat' dir='ltr'><strong>quoniam</strong></span> <span class='ocrx_word' id='word_1_160' title='bbox 781 3909 936 3971; x_wconf 85' lang='lat' dir='ltr'><strong>inde</strong></span> <span class='ocrx_word' id='word_1_161' title='bbox 1009 3927 1159 3970; x_wconf 84' lang='lat' dir='ltr'><strong>cum</strong></span> <span class='ocrx_word' id='word_1_162' title='bbox 1223 3908 1478 3971; x_wconf 87' lang='lat' dir='ltr'><strong>colonis</strong></span> <span class='ocrx_word' id='word_1_163' title='bbox 1549 3909 1888 3992; x_wconf 85' lang='lat' dir='ltr'><strong>profectus</strong></span> 
     </span>
     <span class='ocr_line' id='line_1_33' title="bbox 388 4009 1888 4101; baseline -0.005 -22"><span class='ocrx_word' id='word_1_164' title='bbox 388 4014 708 4079; x_wconf 75' lang='lat' dir='ltr'><strong>Evander</strong></span> <span class='ocrx_word' id='word_1_165' title='bbox 750 4024 1026 4101; x_wconf 86' lang='lat' dir='ltr'><strong>propter</strong></span> <span class='ocrx_word' id='word_1_166' title='bbox 1058 4009 1355 4074; x_wconf 85' lang='lat' dir='ltr'><strong>Tiberim</strong></span> <span class='ocrx_word' id='word_1_167' title='bbox 1403 4030 1483 4074; x_wconf 87' lang='lat' dir='ltr'><strong>eo</strong></span> <span class='ocrx_word' id='word_1_168' title='bbox 1533 4011 1685 4074; x_wconf 91' lang='lat' dir='ltr'><strong>loco</strong></span> <span class='ocrx_word' id='word_1_169' title='bbox 1735 4030 1888 4073; x_wconf 84' lang='lat' dir='ltr'><strong>eon·</strong></span> 
     </span>
     <span class='ocr_line' id='line_1_34' title="bbox 390 4111 1887 4199; baseline -0.005 -20"><span class='ocrx_word' id='word_1_170' title='bbox 390 4116 604 4191; x_wconf 81' lang='lat' dir='ltr'><strong>sedit,</strong></span> <span class='ocrx_word' id='word_1_171' title='bbox 649 4114 760 4199; x_wconf 84' lang='lat' dir='ltr'><strong>qui</strong></span> <span class='ocrx_word' id='word_1_172' title='bbox 807 4135 959 4199; x_wconf 84' lang='lat' dir='ltr'><strong>pars</strong></span> <span class='ocrx_word' id='word_1_173' title='bbox 1000 4127 1227 4198; x_wconf 88' lang='lat' dir='ltr'><strong>postea</strong></span> <span class='ocrx_word' id='word_1_174' title='bbox 1259 4111 1439 4174; x_wconf 87' lang='lat' dir='ltr'><strong>urbis</strong></span> <span class='ocrx_word' id='word_1_175' title='bbox 1472 4115 1721 4174; x_wconf 85' lang='lat' dir='ltr'><strong>Romae</strong></span> <span class='ocrx_word' id='word_1_176' title='bbox 1749 4112 1887 4173; x_wconf 85' lang='lat' dir='ltr'><strong>fue-</strong></span> 
     </span>
    </p>
   </div>
   <div class='ocr_carea' id='block_1_10' title="bbox 390 4213 2001 4301">
    <p class='ocr_par' dir='ltr' id='par_1_11' title="bbox 390 4213 2001 4301">
     <span class='ocr_line' id='line_1_35' title="bbox 390 4213 2001 4301; baseline -0.005 -20"><span class='ocrx_word' id='word_1_177' title='bbox 390 4233 540 4293; x_wconf 74' lang='lat' dir='ltr'><strong>rat,</strong></span> <span class='ocrx_word' id='word_1_178' title='bbox 596 4230 662 4278; x_wconf 89' lang='lat' dir='ltr'><strong>et</strong></span> <span class='ocrx_word' id='word_1_179' title='bbox 708 4236 832 4299; x_wconf 89' lang='lat' dir='ltr'><strong>pro</strong></span> <span class='ocrx_word' id='word_1_180' title='bbox 857 4215 1181 4301; x_wconf 74' lang='lat' dir='ltr'><strong>Pallantio</strong></span> <span class='ocrx_word' id='word_1_181' title='bbox 1219 4213 1450 4277; x_wconf 86' lang='lat' dir='ltr'><strong>ablatis</strong></span> <span class='ocrx_word' id='word_1_182' title='bbox 1488 4213 1641 4276; x_wconf 87' lang='lat' dir='ltr'><strong>inde</strong></span> <span class='ocrx_word' id='word_1_183' title='bbox 1672 4213 1887 4281; x_wconf 85' lang='lat' dir='ltr'><strong>literis</strong></span> <span class='ocrx_word' id='word_1_184' title='bbox 1990 4250 2001 4255; x_wconf 70' lang='lat'><em>,</em></span> 
     </span>
    </p>
   </div>
   <div class='ocr_carea' id='block_1_11' title="bbox 384 4315 1892 4606">
    <p class='ocr_par' dir='ltr' id='par_1_12' title="bbox 384 4315 1892 4606">
     <span class='ocr_line' id='line_1_36' title="bbox 386 4315 1891 4394; baseline -0.005 -10"><span class='ocrx_word' id='word_1_185' title='bbox 386 4318 450 4384; x_wconf 84' lang='lat' dir='ltr'>L</span> <span class='ocrx_word' id='word_1_186' title='bbox 487 4334 556 4383; x_wconf 90' lang='lat' dir='ltr'><strong>et</strong></span> <span class='ocrx_word' id='word_1_187' title='bbox 590 4321 649 4381; x_wconf 81' lang='lat' dir='ltr'>N</span> <span class='ocrx_word' id='word_1_188' title='bbox 682 4321 1011 4380; x_wconf 81' lang='lat' dir='ltr'><strong>Palatium</strong></span> <span class='ocrx_word' id='word_1_189' title='bbox 1049 4316 1133 4379; x_wconf 85' lang='lat' dir='ltr'><strong>sit</strong></span> <span class='ocrx_word' id='word_1_190' title='bbox 1166 4315 1412 4379; x_wconf 84' lang='lat' dir='ltr'><strong>dictum</strong></span> <span class='ocrx_word' id='word_1_191' title='bbox 1459 4317 1541 4394; x_wconf 78' lang='lat'><strong>⁸).</strong></span> <span class='ocrx_word' id='word_1_192' title='bbox 1614 4316 1891 4379; x_wconf 85' lang='lat' dir='ltr'><strong>Praeter</strong></span> 
     </span>
     <span class='ocr_line' id='line_1_37' title="bbox 384 4417 1888 4502; baseline -0.004 -17"><span class='ocrx_word' id='word_1_193' title='bbox 384 4424 658 4485; x_wconf 79' lang='lat' dir='ltr'><strong>illustre</strong></span> <span class='ocrx_word' id='word_1_194' title='bbox 672 4420 803 4483; x_wconf 85' lang='lat' dir='ltr'><strong>hoc</strong></span> <span class='ocrx_word' id='word_1_195' title='bbox 835 4419 1276 4482; x_wconf 83' lang='lat' dir='ltr'><strong>testimonium</strong></span> <span class='ocrx_word' id='word_1_196' title='bbox 1297 4432 1557 4502; x_wconf 84' lang='lat' dir='ltr'><strong>praesto</strong></span> <span class='ocrx_word' id='word_1_197' title='bbox 1577 4431 1675 4480; x_wconf 87' lang='lat' dir='ltr'><strong>est</strong></span> <span class='ocrx_word' id='word_1_198' title='bbox 1693 4417 1888 4482; x_wconf 83' lang='lat' dir='ltr'><strong>etiam</strong></span> 
     </span>
     <span class='ocr_line' id='line_1_38' title="bbox 388 4516 1892 4606; baseline -0.004 -19"><span class='ocrx_word' id='word_1_199' title='bbox 388 4543 692 4589; x_wconf 85' lang='lat' dir='ltr'><strong>marmor</strong></span> <span class='ocrx_word' id='word_1_200' title='bbox 743 4522 1082 4606; x_wconf 77' lang='lat' dir='ltr'><strong>vulgatum</strong></span> <span class='ocrx_word' id='word_1_201' title='bbox 1115 4542 1152 4583; x_wconf 87' lang='lat' dir='ltr'><strong>a</strong></span> <span class='ocrx_word' id='word_1_202' title='bbox 1184 4519 1499 4585; x_wconf 82' lang='lat' dir='ltr'><strong>Fabretto</strong></span> <span class='ocrx_word' id='word_1_203' title='bbox 1536 4516 1602 4601; x_wconf 78' lang='lat' dir='ltr'><strong>b)</strong></span> <span class='ocrx_word' id='word_1_204' title='bbox 1625 4565 1642 4597; x_wconf 92' lang='lat'><strong>,</strong></span> <span class='ocrx_word' id='word_1_205' title='bbox 1709 4519 1892 4583; x_wconf 87' lang='lat' dir='ltr'><strong>dedi-</strong></span> 
     </span>
    </p>
   </div>
   <div class='ocr_carea' id='block_1_12' title="bbox 506 4749 1108 4826">
    <p class='ocr_par' dir='ltr' id='par_1_13' title="bbox 506 4749 1108 4826">
     <span class='ocr_line' id='line_1_39' title="bbox 506 4749 1108 4826; baseline 0 -17"><span class='ocrx_word' id='word_1_206' title='bbox 506 4756 572 4826; x_wconf 76' lang='lat' dir='ltr'><strong>n)</strong></span> <span class='ocrx_word' id='word_1_207' title='bbox 616 4752 680 4809; x_wconf 87' lang='lat' dir='ltr'><strong>L.</strong></span> <span class='ocrx_word' id='word_1_208' title='bbox 721 4749 887 4810; x_wconf 81' lang='lat' dir='ltr'><strong>VIII.</strong></span> <span class='ocrx_word' id='word_1_209' title='bbox 928 4769 979 4809; x_wconf 87' lang='lat' dir='ltr'><strong>c.</strong></span> <span class='ocrx_word' id='word_1_210' title='bbox 1015 4757 1108 4814; x_wconf 68' lang='lat'><strong>43.</strong></span> 
     </span>
    </p>
   </div>
   <div class='ocr_carea' id='block_1_13' title="bbox 1251 4746 2143 4828">
    <p class='ocr_par' dir='ltr' id='par_1_14' title="bbox 1251 4746 2143 4828">
     <span class='ocr_line' id='line_1_40' title="bbox 1251 4746 2143 4828; baseline -0.002 -20"><span class='ocrx_word' id='word_1_211' title='bbox 1251 4751 1324 4824; x_wconf 86' lang='lat' dir='ltr'><strong>b)</strong></span> <span class='ocrx_word' id='word_1_212' title='bbox 1362 4748 1636 4824; x_wconf 78' lang='lat' dir='ltr'><strong>Inscript.</strong></span> <span class='ocrx_word' id='word_1_213' title='bbox 1676 4768 1803 4828; x_wconf 86' lang='lat' dir='ltr'><strong>cap.</strong></span> <span class='ocrx_word' id='word_1_214' title='bbox 1844 4749 1918 4807; x_wconf 81' lang='lat' dir='ltr'><strong>X.</strong></span> <span class='ocrx_word' id='word_1_215' title='bbox 1956 4768 2013 4808; x_wconf 86' lang='lat' dir='ltr'><strong>n.</strong></span> <span class='ocrx_word' id='word_1_216' title='bbox 2051 4746 2143 4811; x_wconf 80' lang='lat'><strong>6².</strong></span> 
     </span>
    </p>
   </div>
   <div class='ocr_carea' id='block_1_14' title="bbox 1997 619 3487 935">
    <p class='ocr_par' dir='ltr' id='par_1_15' title="bbox 1997 619 3487 935">
     <span class='ocr_line' id='line_1_41' title="bbox 1998 619 3486 747; baseline 0.002 -21"><span class='ocrx_word' id='word_1_217' title='bbox 1998 675 2343 747; x_wconf 75' lang='lat' dir='ltr'><strong>cetumque</strong></span> <span class='ocrx_word' id='word_1_218' title='bbox 2404 663 2734 728; x_wconf 85' lang='lat' dir='ltr'><strong>Antonino</strong></span> <span class='ocrx_word' id='word_1_219' title='bbox 2797 619 3169 730; x_wconf 77' lang='lat' dir='ltr'><strong>OPTIMO.</strong></span> <span class='ocrx_word' id='word_1_220' title='bbox 3238 667 3486 729; x_wconf 79' lang='lat' dir='ltr'><strong>MAXI-</strong></span> 
     </span>
     <span class='ocr_line' id='line_1_42' title="bbox 1997 764 3484 857; baseline 0.005 -31"><span class='ocrx_word' id='word_1_221' title='bbox 1997 764 2218 857; x_wconf 77' lang='lat' dir='ltr'><strong>MOQ.</strong></span> <span class='ocrx_word' id='word_1_222' title='bbox 2256 767 2656 829; x_wconf 80' lang='lat' dir='ltr'><strong>PRINCIPI.</strong></span> <span class='ocrx_word' id='word_1_223' title='bbox 2700 770 2842 833; x_wconf 72' lang='lat' dir='ltr'><strong>ET.</strong></span> <span class='ocrx_word' id='word_1_224' title='bbox 2885 770 3091 836; x_wconf 85' lang='lat' dir='ltr'>CVM.</span> <span class='ocrx_word' id='word_1_225' title='bbox 3153 769 3484 834; x_wconf 77' lang='lat' dir='ltr'><strong>SVMMA.</strong></span> 
     </span>
     <span class='ocr_line' id='line_1_43' title="bbox 1997 866 3487 935; baseline 0.005 -8"><span class='ocrx_word' id='word_1_226' title='bbox 1997 866 2625 932; x_wconf 79' lang='lat' dir='ltr'><strong>BENIGNrrATE.</strong></span> <span class='ocrx_word' id='word_1_227' title='bbox 2715 868 3240 934; x_wconf 82' lang='lat' dir='ltr'><strong>IVSTISSIMO.</strong></span> <span class='ocrx_word' id='word_1_228' title='bbox 3341 870 3487 935; x_wconf 82' lang='lat' dir='ltr'><strong>OB.</strong></span> 
     </span>
    </p>
   </div>
   <div class='ocr_carea' id='block_1_15' title="bbox 1998 930 3646 1035">
    <p class='ocr_par' dir='ltr' id='par_1_16' title="bbox 1998 930 3646 1035">
     <span class='ocr_line' id='line_1_44' title="bbox 1998 930 3646 1035; baseline 0.006 -9"><span class='ocrx_word' id='word_1_229' title='bbox 1998 966 2448 1028; x_wconf 80' lang='lat' dir='ltr'><strong>INSIGNEM.</strong></span> <span class='ocrx_word' id='word_1_230' title='bbox 2523 966 2786 1034; x_wconf 76' lang='lat' dir='ltr'><strong>ERGA.</strong></span> <span class='ocrx_word' id='word_1_231' title='bbox 2859 970 3487 1035; x_wconf 74' lang='lat' dir='ltr'><strong>CAERmONlAS.</strong></span> <span class='ocrx_word' id='word_1_232' title='bbox 3611 930 3646 999; x_wconf 67' lang='lat' dir='ltr'>J</span> 
     </span>
    </p>
   </div>
   <div class='ocr_carea' id='block_1_16' title="bbox 1997 1068 3495 1663">
    <p class='ocr_par' dir='ltr' id='par_1_17' title="bbox 1997 1068 3495 1663">
     <span class='ocr_line' id='line_1_45' title="bbox 1997 1068 3491 1135; baseline 0.004 -7"><span class='ocrx_word' id='word_1_233' title='bbox 1997 1068 2446 1132; x_wconf 82' lang='lat' dir='ltr'><strong>PVBLICAS.</strong></span> <span class='ocrx_word' id='word_1_234' title='bbox 2508 1072 2832 1135; x_wconf 73' lang='lat' dir='ltr'><strong>CVRAM.</strong></span> <span class='ocrx_word' id='word_1_235' title='bbox 2901 1073 3036 1135; x_wconf 78' lang='lat' dir='ltr'><strong>Ac.</strong></span> <span class='ocrx_word' id='word_1_236' title='bbox 3091 1070 3491 1134; x_wconf 83' lang='lat' dir='ltr'><strong>RELIGIO-</strong></span> 
     </span>
     <span class='ocr_line' id='line_1_46' title="bbox 1999 1170 3494 1259; baseline 0.003 -28"><span class='ocrx_word' id='word_1_237' title='bbox 1999 1171 2212 1232; x_wconf 86' lang='grc' dir='ltr'><strong>ΝΕΜ.</strong></span> <span class='ocrx_word' id='word_1_238' title='bbox 2273 1172 2358 1231; x_wconf 89' lang='lat' dir='ltr'><strong>At</strong></span> <span class='ocrx_word' id='word_1_239' title='bbox 2411 1171 2618 1232; x_wconf 89' lang='lat' dir='ltr'><strong>multo</strong></span> <span class='ocrx_word' id='word_1_240' title='bbox 2660 1170 2834 1234; x_wconf 85' lang='lat' dir='ltr'><strong>istud</strong></span> <span class='ocrx_word' id='word_1_241' title='bbox 2853 1173 3057 1255; x_wconf 84' lang='lat' dir='ltr'><strong>magis</strong></span> <span class='ocrx_word' id='word_1_242' title='bbox 3105 1172 3494 1259; x_wconf 66' lang='lat' dir='ltr'><strong>confirmant</strong></span> 
     </span>
     <span class='ocr_line' id='line_1_47' title="bbox 1999 1267 3495 1357; baseline 0.003 -26"><span class='ocrx_word' id='word_1_243' title='bbox 1999 1267 2182 1331; x_wconf 87' lang='lat' dir='ltr'><strong>numi</strong></span> <span class='ocrx_word' id='word_1_244' title='bbox 2223 1270 2406 1353; x_wconf 85' lang='lat' dir='ltr'><strong>pium</strong></span> <span class='ocrx_word' id='word_1_245' title='bbox 2459 1269 2586 1334; x_wconf 86' lang='lat' dir='ltr'><strong>hoc</strong></span> <span class='ocrx_word' id='word_1_246' title='bbox 2634 1271 2774 1355; x_wconf 85' lang='lat' dir='ltr'><strong>ejus</strong></span> <span class='ocrx_word' id='word_1_247' title='bbox 2817 1273 3102 1336; x_wconf 87' lang='lat' dir='ltr'><strong>studium</strong></span> <span class='ocrx_word' id='word_1_248' title='bbox 3152 1273 3495 1357; x_wconf 84' lang='lat' dir='ltr'><strong>depraedi-</strong></span> 
     </span>
     <span class='ocr_line' id='line_1_48' title="bbox 2001 1362 3493 1458; baseline 0.003 -25"><span class='ocrx_word' id='word_1_249' title='bbox 2001 1384 2264 1447; x_wconf 86' lang='lat' dir='ltr'><strong>cantes,</strong></span> <span class='ocrx_word' id='word_1_250' title='bbox 2322 1372 2436 1456; x_wconf 87' lang='lat' dir='ltr'><strong>qni</strong></span> <span class='ocrx_word' id='word_1_251' title='bbox 2490 1371 2795 1458; x_wconf 85' lang='lat' dir='ltr'><strong>plerique</strong></span> <span class='ocrx_word' id='word_1_252' title='bbox 2854 1362 3174 1437; x_wconf 57' lang='lat' dir='ltr'><strong>marimae</strong></span> <span class='ocrx_word' id='word_1_253' title='bbox 3239 1374 3493 1437; x_wconf 83' lang='lat' dir='ltr'><strong>formae</strong></span> 
     </span>
     <span class='ocr_line' id='line_1_49' title="bbox 2002 1472 3495 1560; baseline 0.007 -30"><span class='ocrx_word' id='word_1_254' title='bbox 2002 1484 2183 1545; x_wconf 70' lang='lat' dir='ltr'><strong>sunt,</strong></span> <span class='ocrx_word' id='word_1_255' title='bbox 2232 1492 2397 1556; x_wconf 84' lang='lat' dir='ltr'><strong>qnos</strong></span> <span class='ocrx_word' id='word_1_256' title='bbox 2430 1472 2595 1536; x_wconf 90' lang='lat' dir='ltr'><strong>adeo</strong></span> <span class='ocrx_word' id='word_1_257' title='bbox 2632 1494 2861 1539; x_wconf 86' lang='lat' dir='ltr'><strong>omnes</strong></span> <span class='ocrx_word' id='word_1_258' title='bbox 2897 1474 3264 1560; x_wconf 83' lang='lat' dir='ltr'><strong>argumenti</strong></span> <span class='ocrx_word' id='word_1_259' title='bbox 3301 1496 3495 1541; x_wconf 86' lang='lat' dir='ltr'><strong>eausa</strong></span> 
     </span>
     <span class='ocr_line' id='line_1_50' title="bbox 2000 1570 3406 1663; baseline 0.011 -30"><span class='ocrx_word' id='word_1_260' title='bbox 2000 1570 2188 1635; x_wconf 85' lang='lat' dir='ltr'><strong>lubet</strong></span> <span class='ocrx_word' id='word_1_261' title='bbox 2218 1572 2456 1637; x_wconf 87' lang='lat' dir='ltr'><strong>eodem</strong></span> <span class='ocrx_word' id='word_1_262' title='bbox 2487 1573 2640 1637; x_wconf 88' lang='lat' dir='ltr'><strong>loco</strong></span> <span class='ocrx_word' id='word_1_263' title='bbox 2673 1574 2742 1637; x_wconf 89' lang='lat' dir='ltr'><strong>in</strong></span> <span class='ocrx_word' id='word_1_264' title='bbox 2770 1591 3192 1663; x_wconf 76' lang='lat' dir='ltr'><strong>conspectum</strong></span> <span class='ocrx_word' id='word_1_265' title='bbox 3227 1575 3406 1649; x_wconf 76' lang='lat' dir='ltr'><strong>dare.</strong></span> 
     </span>
    </p>
   </div>
   <div class='ocr_carea' id='block_1_17' title="bbox 2734 1759 2773 1798">
    <p class='ocr_par' dir='ltr' id='par_1_18' title="bbox 2734 1759 2773 1798">
     <span class='ocr_line' id='line_1_51' title="bbox 2734 1759 2773 1798; baseline 0 -2"><span class='ocrx_word' id='word_1_266' title='bbox 2734 1759 2773 1798; x_wconf 65' lang='lat' dir='ltr'><strong>³oe</strong></span> 
     </span>
    </p>
   </div>
   <div class='ocr_carea' id='block_1_18' title="bbox 2293 1800 3498 1933">
    <p class='ocr_par' dir='ltr' id='par_1_19' title="bbox 2293 1800 3498 1933">
     <span class='ocr_line' id='line_1_52' title="bbox 2293 1800 3498 1933; baseline 0.009 -13"><span class='ocrx_word' id='word_1_267' title='bbox 2293 1800 2824 1927; x_wconf 60' lang='lat' dir='ltr'><strong>ANTOffiNVS.</strong></span> <span class='ocrx_word' id='word_1_268' title='bbox 2859 1804 3058 1931; x_wconf 51' lang='lat' dir='ltr'><strong>JVG.</strong></span> <span class='ocrx_word' id='word_1_269' title='bbox 3091 1867 3310 1933; x_wconf 86' lang='lat' dir='ltr'><strong>PIVS.</strong></span> <span class='ocrx_word' id='word_1_270' title='bbox 3328 1871 3406 1931; x_wconf 89' lang='lat' dir='ltr'><strong>P.</strong></span> <span class='ocrx_word' id='word_1_271' title='bbox 3422 1870 3498 1932; x_wconf 93' lang='lat' dir='ltr'><strong>P.</strong></span> 
     </span>
    </p>
   </div>
   <div class='ocr_carea' id='block_1_19' title="bbox 2295 1962 3501 2126">
    <p class='ocr_par' dir='ltr' id='par_1_20' title="bbox 2295 1962 3501 2126">
     <span class='ocr_line' id='line_1_53' title="bbox 2297 1962 3501 2047; baseline 0.011 -26"><span class='ocrx_word' id='word_1_272' title='bbox 2297 1962 2437 2024; x_wconf 85' lang='lat' dir='ltr'><strong>TR.</strong></span> <span class='ocrx_word' id='word_1_273' title='bbox 2489 1964 2564 2023; x_wconf 90' lang='lat' dir='ltr'><strong>P.</strong></span> <span class='ocrx_word' id='word_1_274' title='bbox 2600 1962 2792 2027; x_wconf 89' lang='lat' dir='ltr'><strong>COS.</strong></span> <span class='ocrx_word' id='word_1_275' title='bbox 2841 1965 2953 2031; x_wconf 81' lang='lat'><strong>111.</strong></span> <span class='ocrx_word' id='word_1_276' title='bbox 3015 1971 3217 2047; x_wconf 78' lang='lat' dir='ltr'><strong>Caput</strong></span> <span class='ocrx_word' id='word_1_277' title='bbox 3248 1972 3501 2035; x_wconf 80' lang='lat' dir='ltr'><strong>laurea·</strong></span> 
     </span>
     <span class='ocr_line' id='line_1_54' title="bbox 2295 2071 2972 2126; baseline 0.016 -5"><span class='ocrx_word' id='word_1_278' title='bbox 2295 2071 2448 2126; x_wconf 76' lang='lat' dir='ltr'><strong>tum,</strong></span> <span class='ocrx_word' id='word_1_279' title='bbox 2967 2072 2972 2079; x_wconf 84' lang='grc'><strong><em>’</em></strong></span> 
     </span>
    </p>
   </div>
   <div class='ocr_carea' id='block_1_20' title="bbox 2006 2164 3501 2764">
    <p class='ocr_par' dir='ltr' id='par_1_21' title="bbox 2006 2164 3501 2764">
     <span class='ocr_line' id='line_1_55' title="bbox 2012 2164 3501 2247; baseline 0.01 -22"><span class='ocrx_word' id='word_1_280' title='bbox 2012 2164 2172 2225; x_wconf 77' lang='lat' dir='ltr'><strong>Sine</strong></span> <span class='ocrx_word' id='word_1_281' title='bbox 2188 2165 2553 2244; x_wconf 70' lang='lat' dir='ltr'><strong>epiyroeplee.</strong></span> <span class='ocrx_word' id='word_1_282' title='bbox 2594 2166 2899 2230; x_wconf 79' lang='lat' dir='ltr'><strong>Hercules</strong></span> <span class='ocrx_word' id='word_1_283' title='bbox 2917 2191 2970 2247; x_wconf 80' lang='lat' dir='ltr'><strong>s,</strong></span> <span class='ocrx_word' id='word_1_284' title='bbox 2989 2173 3193 2233; x_wconf 67' lang='lat' dir='ltr'><strong>leontis</strong></span> <span class='ocrx_word' id='word_1_285' title='bbox 3227 2179 3501 2240; x_wconf 67' lang='lat' dir='ltr'><strong>exuviae</strong></span> 
     </span>
     <span class='ocr_line' id='line_1_56' title="bbox 2009 2268 3500 2359; baseline 0.008 -34"><span class='ocrx_word' id='word_1_286' title='bbox 2009 2274 2252 2339; x_wconf 74' lang='lat' dir='ltr'><strong>tenens,</strong></span> <span class='ocrx_word' id='word_1_287' title='bbox 2281 2268 2633 2359; x_wconf 68' lang='lat' dir='ltr'><strong>dexteram,</strong></span> <span class='ocrx_word' id='word_1_288' title='bbox 2677 2291 2807 2352; x_wconf 77' lang='lat' dir='ltr'><strong>qua</strong></span> <span class='ocrx_word' id='word_1_289' title='bbox 2844 2273 3094 2331; x_wconf 83' lang='lat' dir='ltr'><strong>clavam</strong></span> <span class='ocrx_word' id='word_1_290' title='bbox 3130 2282 3315 2348; x_wconf 82' lang='lat' dir='ltr'><strong>tenet,</strong></span> <span class='ocrx_word' id='word_1_291' title='bbox 3362 2279 3500 2358; x_wconf 84' lang='lat' dir='ltr'><strong>qui·</strong></span> 
     </span>
     <span class='ocr_line' id='line_1_57' title="bbox 2010 2369 3496 2453; baseline 0.009 -27"><span class='ocrx_word' id='word_1_292' title='bbox 2010 2369 2278 2428; x_wconf 77' lang='lat' dir='ltr'><strong>busdam</strong></span> <span class='ocrx_word' id='word_1_293' title='bbox 2296 2371 2791 2431; x_wconf 78' lang='lat' dir='ltr'><strong>deosculandam</strong></span> <span class='ocrx_word' id='word_1_294' title='bbox 2795 2376 3112 2453; x_wconf 71' lang='lat' dir='ltr'><strong>porriyit3</strong></span> <span class='ocrx_word' id='word_1_295' title='bbox 3140 2379 3350 2453; x_wconf 68' lang='lat' dir='ltr'><strong>juxta</strong></span> <span class='ocrx_word' id='word_1_296' title='bbox 3380 2380 3496 2441; x_wconf 80' lang='lat' dir='ltr'><strong>Ca-</strong></span> 
     </span>
     <span class='ocr_line' id='line_1_58' title="bbox 2007 2468 3497 2558; baseline 0.01 -31"><span class='ocrx_word' id='word_1_297' title='bbox 2007 2486 2120 2528; x_wconf 77' lang='lat' dir='ltr'><strong>cus</strong></span> <span class='ocrx_word' id='word_1_298' title='bbox 2145 2468 2324 2530; x_wconf 75' lang='lat' dir='ltr'><strong>humi</strong></span> <span class='ocrx_word' id='word_1_299' title='bbox 2346 2479 2587 2531; x_wconf 78' lang='lat' dir='ltr'><strong>stratus</strong></span> <span class='ocrx_word' id='word_1_300' title='bbox 2607 2516 2622 2546; x_wconf 94' lang='lat'><strong>,</strong></span> <span class='ocrx_word' id='word_1_301' title='bbox 2669 2482 2734 2533; x_wconf 87' lang='lat' dir='ltr'><strong>et</strong></span> <span class='ocrx_word' id='word_1_302' title='bbox 2760 2492 2982 2552; x_wconf 69' lang='lat' dir='ltr'><strong>specus</strong></span> <span class='ocrx_word' id='word_1_303' title='bbox 3001 2518 3038 2548; x_wconf 82' lang='lat'><strong>‚,</strong></span> <span class='ocrx_word' id='word_1_304' title='bbox 3078 2494 3161 2537; x_wconf 75' lang='lat' dir='ltr'><strong>ex</strong></span> <span class='ocrx_word' id='word_1_305' title='bbox 3196 2498 3320 2558; x_wconf 80' lang='lat' dir='ltr'><strong>que</strong></span> <span class='ocrx_word' id='word_1_306' title='bbox 3347 2499 3497 2556; x_wconf 81' lang='lat' dir='ltr'><strong>pro-</strong></span> 
     </span>
     <span class='ocr_line' id='line_1_59' title="bbox 2006 2564 3413 2660; baseline 0.009 -32"><span class='ocrx_word' id='word_1_307' title='bbox 2006 2577 2250 2630; x_wconf 82' lang='lat' dir='ltr'><strong>tractus</strong></span> <span class='ocrx_word' id='word_1_308' title='bbox 2272 2564 2614 2651; x_wconf 60' lang='lat' dir='ltr'><strong>suit.&#39;AE.</strong></span> <span class='ocrx_word' id='word_1_309' title='bbox 2647 2595 2731 2637; x_wconf 90' lang='lat' dir='ltr'><strong>m.</strong></span> <span class='ocrx_word' id='word_1_310' title='bbox 2767 2594 2853 2637; x_wconf 88' lang='lat' dir='ltr'><strong>m.</strong></span> <span class='ocrx_word' id='word_1_311' title='bbox 2895 2575 3093 2654; x_wconf 67' lang='lat' dir='ltr'><strong>(Mus.</strong></span> <span class='ocrx_word' id='word_1_312' title='bbox 3123 2576 3413 2660; x_wconf 83' lang='lat' dir='ltr'><strong>Albani.)</strong></span> 
     </span>
     <span class='ocr_line' id='line_1_60' title="bbox 2128 2672 3493 2764; baseline 0.007 -32"><span class='ocrx_word' id='word_1_313' title='bbox 2128 2673 2300 2733; x_wconf 87' lang='lat' dir='ltr'><strong>Nota</strong></span> <span class='ocrx_word' id='word_1_314' title='bbox 2347 2692 2430 2734; x_wconf 80' lang='lat' dir='ltr'><strong>ex</strong></span> <span class='ocrx_word' id='word_1_315' title='bbox 2479 2672 2799 2756; x_wconf 88' lang='lat' dir='ltr'><strong>Virgilio,</strong></span> <span class='ocrx_word' id='word_1_316' title='bbox 2864 2674 3144 2752; x_wconf 77' lang='lat' dir='ltr'><strong>ovidio,</strong></span> <span class='ocrx_word' id='word_1_317' title='bbox 3220 2679 3493 2764; x_wconf 77' lang='lat' dir='ltr'><strong>aliisque</strong></span> 
     </span>
    </p>
   </div>
   <div class='ocr_carea' id='block_1_21' title="bbox 2004 2770 3596 2849">
    <p class='ocr_par' dir='ltr' id='par_1_22' title="bbox 2004 2770 3596 2849">
     <span class='ocr_line' id='line_1_61' title="bbox 2004 2770 3596 2849; baseline 0.007 -14"><span class='ocrx_word' id='word_1_318' title='bbox 2004 2770 2158 2836; x_wconf 88' lang='lat' dir='ltr'><strong>Caci</strong></span> <span class='ocrx_word' id='word_1_319' title='bbox 2222 2773 2535 2849; x_wconf 85' lang='lat' dir='ltr'><strong>esuritio,</strong></span> <span class='ocrx_word' id='word_1_320' title='bbox 2599 2789 2667 2837; x_wconf 88' lang='lat' dir='ltr'><strong>et</strong></span> <span class='ocrx_word' id='word_1_321' title='bbox 2742 2775 3083 2839; x_wconf 84' lang='lat' dir='ltr'><strong>latrocinia</strong></span> <span class='ocrx_word' id='word_1_322' title='bbox 3129 2799 3217 2841; x_wconf 83' lang='lat' dir='ltr'><strong>ex</strong></span> <span class='ocrx_word' id='word_1_323' title='bbox 3269 2794 3493 2845; x_wconf 87' lang='lat' dir='ltr'><strong>monte</strong></span> <span class='ocrx_word' id='word_1_324' title='bbox 3585 2792 3596 2797; x_wconf 83' lang='grc'><em>“</em></span> 
     </span>
    </p>
   </div>
   <div class='ocr_carea' id='block_1_22' title="bbox 2001 2873 3498 3877">
    <p class='ocr_par' dir='ltr' id='par_1_23' title="bbox 2001 2873 3498 3877">
     <span class='ocr_line' id='line_1_62' title="bbox 2001 2873 3494 2958; baseline 0.005 -22"><span class='ocrx_word' id='word_1_325' title='bbox 2001 2873 2349 2948; x_wconf 80' lang='lat' dir='ltr'><strong>Aventino,</strong></span> <span class='ocrx_word' id='word_1_326' title='bbox 2395 2894 2589 2958; x_wconf 88' lang='lat' dir='ltr'><strong>quem</strong></span> <span class='ocrx_word' id='word_1_327' title='bbox 2624 2875 2895 2946; x_wconf 86' lang='lat' dir='ltr'><strong>insedit,</strong></span> <span class='ocrx_word' id='word_1_328' title='bbox 2944 2876 3151 2939; x_wconf 80' lang='lat' dir='ltr'><strong>vicina</strong></span> <span class='ocrx_word' id='word_1_329' title='bbox 3186 2879 3494 2942; x_wconf 85' lang='lat' dir='ltr'><strong>infestan-</strong></span> 
     </span>
     <span class='ocr_line' id='line_1_63' title="bbox 2003 2974 3492 3059; baseline 0.005 -22"><span class='ocrx_word' id='word_1_330' title='bbox 2003 2975 2084 3037; x_wconf 87' lang='lat' dir='ltr'><strong>tis</strong></span> <span class='ocrx_word' id='word_1_331' title='bbox 2106 3018 2124 3051; x_wconf 94' lang='lat'><strong>,</strong></span> <span class='ocrx_word' id='word_1_332' title='bbox 2170 2975 2444 3059; x_wconf 88' lang='lat' dir='ltr'><strong>ejusque</strong></span> <span class='ocrx_word' id='word_1_333' title='bbox 2475 2974 2742 3037; x_wconf 80' lang='lat' dir='ltr'><strong>exitium</strong></span> <span class='ocrx_word' id='word_1_334' title='bbox 2790 2974 2871 3036; x_wconf 91' lang='lat' dir='ltr'><strong>ab</strong></span> <span class='ocrx_word' id='word_1_335' title='bbox 2906 2978 3197 3042; x_wconf 89' lang='lat' dir='ltr'><strong>Hercule</strong></span> <span class='ocrx_word' id='word_1_336' title='bbox 3232 2979 3492 3044; x_wconf 85' lang='lat' dir='ltr'><strong>abactas</strong></span> 
     </span>
     <span class='ocr_line' id='line_1_64' title="bbox 2001 3075 3495 3157; baseline 0.005 -18"><span class='ocrx_word' id='word_1_337' title='bbox 2001 3075 2204 3139; x_wconf 79' lang='lat' dir='ltr'><strong>boves</strong></span> <span class='ocrx_word' id='word_1_338' title='bbox 2244 3087 2587 3157; x_wconf 86' lang='lat' dir='ltr'><strong>repetente</strong></span> <span class='ocrx_word' id='word_1_339' title='bbox 2622 3078 3078 3140; x_wconf 86' lang='lat' dir='ltr'><strong>acceleratum.</strong></span> <span class='ocrx_word' id='word_1_340' title='bbox 3159 3081 3343 3143; x_wconf 86' lang='lat' dir='ltr'><strong>Grati</strong></span> <span class='ocrx_word' id='word_1_341' title='bbox 3392 3102 3495 3146; x_wconf 85' lang='lat' dir='ltr'><strong>ac-</strong></span> 
     </span>
     <span class='ocr_line' id='line_1_65' title="bbox 2003 3178 3495 3263; baseline 0.005 -23"><span class='ocrx_word' id='word_1_342' title='bbox 2003 3179 2210 3253; x_wconf 89' lang='lat' dir='ltr'><strong>colae,</strong></span> <span class='ocrx_word' id='word_1_343' title='bbox 2256 3198 2401 3238; x_wconf 88' lang='lat' dir='ltr'><strong>nam</strong></span> <span class='ocrx_word' id='word_1_344' title='bbox 2437 3191 2578 3239; x_wconf 89' lang='lat' dir='ltr'><strong>erat</strong></span> <span class='ocrx_word' id='word_1_345' title='bbox 2609 3178 2717 3240; x_wconf 88' lang='lat' dir='ltr'><strong>hic</strong></span> <span class='ocrx_word' id='word_1_346' title='bbox 2751 3180 2997 3263; x_wconf 83' lang='lat' dir='ltr'><strong>praedo</strong></span> <span class='ocrx_word' id='word_1_347' title='bbox 3032 3204 3161 3244; x_wconf 76' lang='lat' dir='ltr'><strong>non</strong></span> <span class='ocrx_word' id='word_1_348' title='bbox 3193 3187 3329 3246; x_wconf 81' lang='lat' dir='ltr'><strong>leve</strong></span> <span class='ocrx_word' id='word_1_349' title='bbox 3351 3189 3495 3261; x_wconf 77' lang='lat' dir='ltr'><strong>fini·</strong></span> 
     </span>
     <span class='ocr_line' id='line_1_66' title="bbox 2003 3283 3496 3371; baseline 0.004 -29"><span class='ocrx_word' id='word_1_350' title='bbox 2003 3283 2179 3347; x_wconf 79' lang='lat' dir='ltr'><strong>timis</strong></span> <span class='ocrx_word' id='word_1_351' title='bbox 2192 3283 2669 3363; x_wconf 77' lang='lat' dir='ltr'><strong>hospitibusque</strong></span> <span class='ocrx_word' id='word_1_352' title='bbox 2682 3284 2920 3343; x_wconf 82' lang='lat' dir='ltr'><strong>malum</strong></span> <span class='ocrx_word' id='word_1_353' title='bbox 2936 3295 3102 3346; x_wconf 88' lang='lat' dir='ltr'><strong>teste</strong></span> <span class='ocrx_word' id='word_1_354' title='bbox 3123 3287 3380 3371; x_wconf 78' lang='lat' dir='ltr'><strong>Nasone</strong></span> <span class='ocrx_word' id='word_1_355' title='bbox 3413 3286 3496 3363; x_wconf 62' lang='grc' dir='ltr'><strong>θ),</strong></span> 
     </span>
     <span class='ocr_line' id='line_1_67' title="bbox 2007 3379 3496 3450; baseline 0.005 -9"><span class='ocrx_word' id='word_1_356' title='bbox 2007 3379 2327 3449; x_wconf 71' lang='lat' dir='ltr'><strong>vindicem</strong></span> <span class='ocrx_word' id='word_1_357' title='bbox 2368 3379 2737 3442; x_wconf 83' lang='lat' dir='ltr'><strong>liberatoris</strong></span> <span class='ocrx_word' id='word_1_358' title='bbox 2757 3381 3093 3445; x_wconf 82' lang='lat' dir='ltr'><strong>dexteram</strong></span> <span class='ocrx_word' id='word_1_359' title='bbox 3116 3383 3496 3450; x_wconf 84' lang='lat' dir='ltr'><strong>deosculan-</strong></span> 
     </span>
     <span class='ocr_line' id='line_1_68' title="bbox 2006 3480 3494 3569; baseline 0.005 -24"><span class='ocrx_word' id='word_1_360' title='bbox 2006 3497 2104 3546; x_wconf 86' lang='lat' dir='ltr'><strong>tes</strong></span> <span class='ocrx_word' id='word_1_361' title='bbox 2152 3482 2220 3544; x_wconf 94' lang='lat' dir='ltr'><strong>in</strong></span> <span class='ocrx_word' id='word_1_362' title='bbox 2254 3481 2527 3567; x_wconf 84' lang='lat' dir='ltr'><strong>egregio</strong></span> <span class='ocrx_word' id='word_1_363' title='bbox 2566 3480 2692 3545; x_wconf 90' lang='lat' dir='ltr'><strong>hoc</strong></span> <span class='ocrx_word' id='word_1_364' title='bbox 2733 3483 2996 3546; x_wconf 85' lang='lat' dir='ltr'><strong>cimelio</strong></span> <span class='ocrx_word' id='word_1_365' title='bbox 3014 3501 3494 3569; x_wconf 86' lang='lat' dir='ltr'><strong>proponuntur.</strong></span> 
     </span>
     <span class='ocr_line' id='line_1_69' title="bbox 2007 3583 3498 3666; baseline 0.003 -19"><span class='ocrx_word' id='word_1_366' title='bbox 2007 3584 2159 3648; x_wconf 83' lang='lat' dir='ltr'><strong>Caci</strong></span> <span class='ocrx_word' id='word_1_367' title='bbox 2207 3595 2663 3666; x_wconf 86' lang='lat' dir='ltr'><strong>argumentum</strong></span> <span class='ocrx_word' id='word_1_368' title='bbox 2698 3583 3049 3647; x_wconf 84' lang='lat' dir='ltr'><strong>exhibetur</strong></span> <span class='ocrx_word' id='word_1_369' title='bbox 3076 3588 3268 3650; x_wconf 88' lang='lat' dir='ltr'><strong>etiam</strong></span> <span class='ocrx_word' id='word_1_370' title='bbox 3296 3589 3498 3653; x_wconf 83' lang='lat' dir='ltr'><strong>innn-</strong></span> 
     </span>
     <span class='ocr_line' id='line_1_70' title="bbox 2008 3685 3495 3777; baseline 0.003 -29"><span class='ocrx_word' id='word_1_371' title='bbox 2008 3707 2115 3748; x_wconf 89' lang='lat' dir='ltr'><strong>mo</strong></span> <span class='ocrx_word' id='word_1_372' title='bbox 2146 3685 2400 3748; x_wconf 85' lang='lat' dir='ltr'><strong>Aurelii</strong></span> <span class='ocrx_word' id='word_1_373' title='bbox 2418 3685 2743 3761; x_wconf 86' lang='lat' dir='ltr'><strong>Caesaris,</strong></span> <span class='ocrx_word' id='word_1_374' title='bbox 2790 3706 2985 3777; x_wconf 70' lang='lat' dir='ltr'><strong>quem</strong></span> <span class='ocrx_word' id='word_1_375' title='bbox 3023 3689 3171 3751; x_wconf 82' lang='lat' dir='ltr'><strong>vide</strong></span> <span class='ocrx_word' id='word_1_376' title='bbox 3208 3689 3377 3752; x_wconf 81' lang='lat' dir='ltr'><strong>infra</strong></span> <span class='ocrx_word' id='word_1_377' title='bbox 3412 3690 3495 3752; x_wconf 90' lang='lat' dir='ltr'><strong>ad</strong></span> 
     </span>
     <span class='ocr_line' id='line_1_71' title="bbox 2007 3787 3495 3877; baseline 0.003 -29"><span class='ocrx_word' id='word_1_378' title='bbox 2007 3809 2246 3875; x_wconf 63' lang='lat' dir='ltr'><strong>annum</strong></span> <span class='ocrx_word' id='word_1_379' title='bbox 2277 3789 2357 3854; x_wconf 91' lang='lat' dir='ltr'><strong>V.</strong></span> <span class='ocrx_word' id='word_1_380' title='bbox 2375 3787 2446 3850; x_wconf 90' lang='lat' dir='ltr'><strong>C.</strong></span> <span class='ocrx_word' id='word_1_381' title='bbox 2475 3804 2620 3869; x_wconf 74' lang='lat' dir='ltr'><strong>ooo.</strong></span> <span class='ocrx_word' id='word_1_382' title='bbox 2655 3787 2822 3854; x_wconf 85' lang='lat' dir='ltr'><strong>Vide</strong></span> <span class='ocrx_word' id='word_1_383' title='bbox 2851 3802 2917 3852; x_wconf 89' lang='lat' dir='ltr'><strong>et</strong></span> <span class='ocrx_word' id='word_1_384' title='bbox 2949 3810 3182 3852; x_wconf 86' lang='lat' dir='ltr'><strong>numos</strong></span> <span class='ocrx_word' id='word_1_385' title='bbox 3219 3811 3495 3877; x_wconf 84' lang='lat' dir='ltr'><strong>sequen·</strong></span> 
     </span>
    </p>
   </div>
   <div class='ocr_carea' id='block_1_23' title="bbox 2003 3888 2767 4047">
    <p class='ocr_par' dir='ltr' id='par_1_24' title="bbox 2003 3888 2767 4047">
     <span class='ocr_line' id='line_1_72' title="bbox 2003 3888 2323 3953; baseline -0.006 0"><span class='ocrx_word' id='word_1_386' title='bbox 2003 3904 2103 3953; x_wconf 89' lang='lat' dir='ltr'><strong>tes</strong></span> <span class='ocrx_word' id='word_1_387' title='bbox 2138 3888 2323 3952; x_wconf 85' lang='lat' dir='ltr'><strong>duos.</strong></span> 
     </span>
     <span class='ocr_line' id='line_1_73' title="bbox 2728 4005 2767 4047; baseline 0 -2"><span class='ocrx_word' id='word_1_388' title='bbox 2728 4005 2767 4047; x_wconf 66' lang='lat' dir='ltr'><strong>s</strong></span> 
     </span>
    </p>
   </div>
   <div class='ocr_carea' id='block_1_24' title="bbox 2005 4049 3504 4599">
    <p class='ocr_par' dir='ltr' id='par_1_25' title="bbox 2224 4049 3489 4177">
     <span class='ocr_line' id='line_1_74' title="bbox 2562 4049 2931 4088; baseline 0 0"><span class='ocrx_word' id='word_1_389' title='bbox 2562 4049 2603 4088; x_wconf 67' lang='grc' dir='ltr'><strong>ιι</strong></span> <span class='ocrx_word' id='word_1_390' title='bbox 2891 4052 2931 4088; x_wconf 66' lang='lat' dir='ltr'><em>o</em></span> 
     </span>
     <span class='ocr_line' id='line_1_75' title="bbox 2224 4108 3489 4177; baseline 0.004 -5"><span class='ocrx_word' id='word_1_391' title='bbox 2224 4130 2231 4134; x_wconf 86' lang='lat'><strong>·</strong></span> <span class='ocrx_word' id='word_1_392' title='bbox 2296 4108 2820 4176; x_wconf 72' lang='lat' dir='ltr'><strong>ANTONINVS.</strong></span> <span class='ocrx_word' id='word_1_393' title='bbox 2857 4110 3294 4176; x_wconf 85' lang='lat' dir='ltr'><strong>AVG.PIVS.</strong></span> <span class='ocrx_word' id='word_1_394' title='bbox 3327 4114 3399 4173; x_wconf 90' lang='lat' dir='ltr'><strong>P.</strong></span> <span class='ocrx_word' id='word_1_395' title='bbox 3415 4115 3489 4177; x_wconf 89' lang='lat' dir='ltr'><strong>P.</strong></span> 
     </span>
    </p>

    <p class='ocr_par' dir='ltr' id='par_1_26' title="bbox 2291 4210 3490 4288">
     <span class='ocr_line' id='line_1_76' title="bbox 2291 4210 3490 4288; baseline 0.001 -14"><span class='ocrx_word' id='word_1_396' title='bbox 2291 4215 2431 4274; x_wconf 84' lang='lat' dir='ltr'><strong>TR.</strong></span> <span class='ocrx_word' id='word_1_397' title='bbox 2475 4213 2553 4272; x_wconf 85' lang='lat' dir='ltr'><strong>P.</strong></span> <span class='ocrx_word' id='word_1_398' title='bbox 2589 4210 2824 4275; x_wconf 83' lang='lat' dir='ltr'><strong>XVIII.</strong></span> <span class='ocrx_word' id='word_1_399' title='bbox 2873 4214 3075 4288; x_wconf 74' lang='lat' dir='ltr'><strong>Caput</strong></span> <span class='ocrx_word' id='word_1_400' title='bbox 3113 4214 3490 4276; x_wconf 77' lang='lat' dir='ltr'><strong>laureatum.</strong></span> 
     </span>
    </p>

    <p class='ocr_par' dir='ltr' id='par_1_27' title="bbox 2005 4314 3504 4599">
     <span class='ocr_line' id='line_1_77' title="bbox 2005 4314 3504 4387; baseline -0.001 -7"><span class='ocrx_word' id='word_1_401' title='bbox 2005 4314 2195 4381; x_wconf 87' lang='lat' dir='ltr'><strong>COS.</strong></span> <span class='ocrx_word' id='word_1_402' title='bbox 2227 4315 2368 4376; x_wconf 89' lang='lat'>1111.</span> <span class='ocrx_word' id='word_1_403' title='bbox 2403 4315 2705 4376; x_wconf 80' lang='lat' dir='ltr'><strong>Hercules</strong></span> <span class='ocrx_word' id='word_1_404' title='bbox 2723 4334 2772 4373; x_wconf 83' lang='lat' dir='ltr'><strong>s.</strong></span> <span class='ocrx_word' id='word_1_405' title='bbox 2792 4316 3096 4387; x_wconf 83' lang='lat' dir='ltr'><strong>clavam,&#39;</strong></span> <span class='ocrx_word' id='word_1_406' title='bbox 3118 4324 3184 4375; x_wconf 87' lang='lat' dir='ltr'><strong>et</strong></span> <span class='ocrx_word' id='word_1_407' title='bbox 3217 4320 3504 4379; x_wconf 62' lang='lat' dir='ltr'><strong>exuvias</strong></span> 
     </span>
     <span class='ocr_line' id='line_1_78' title="bbox 2005 4417 3493 4496; baseline -0.001 -15"><span class='ocrx_word' id='word_1_408' title='bbox 2005 4420 2208 4482; x_wconf 77' lang='lat' dir='ltr'><strong>leonis</strong></span> <span class='ocrx_word' id='word_1_409' title='bbox 2243 4421 2305 4476; x_wconf 87' lang='lat' dir='ltr'><strong>d.</strong></span> <span class='ocrx_word' id='word_1_410' title='bbox 2333 4426 2629 4496; x_wconf 77' lang='lat' dir='ltr'><strong>pateram</strong></span> <span class='ocrx_word' id='word_1_411' title='bbox 2658 4425 2877 4476; x_wconf 77' lang='lat' dir='ltr'><strong>tenens</strong></span> <span class='ocrx_word' id='word_1_412' title='bbox 2902 4417 3189 4481; x_wconf 79' lang='lat' dir='ltr'><strong>adaram</strong></span> <span class='ocrx_word' id='word_1_413' title='bbox 3220 4419 3493 4496; x_wconf 73' lang='lat' dir='ltr'><strong>iquitam</strong></span> 
     </span>
     <span class='ocr_line' id='line_1_79' title="bbox 2006 4520 3495 4599; baseline 0.001 -18"><span class='ocrx_word' id='word_1_414' title='bbox 2006 4522 2347 4599; x_wconf 55' lang='lat' dir='ltr'><strong>sacrificat,</strong></span> <span class='ocrx_word' id='word_1_415' title='bbox 2377 4536 2590 4598; x_wconf 84' lang='lat' dir='ltr'><strong>popae</strong></span> <span class='ocrx_word' id='word_1_416' title='bbox 2618 4520 2746 4578; x_wconf 82' lang='lat' dir='ltr'><strong>duo</strong></span> <span class='ocrx_word' id='word_1_417' title='bbox 2775 4526 3031 4578; x_wconf 78' lang='lat' dir='ltr'><strong>taurum</strong></span> <span class='ocrx_word' id='word_1_418' title='bbox 3048 4520 3341 4594; x_wconf 79' lang='lat' dir='ltr'><strong>attinent,</strong></span> <span class='ocrx_word' id='word_1_419' title='bbox 3378 4525 3495 4582; x_wconf 83' lang='lat' dir='ltr'><strong>ad-</strong></span> 
     </span>
    </p>
   </div>
   <div class='ocr_carea' id='block_1_25' title="bbox 2293 4743 2790 4818">
    <p class='ocr_par' dir='ltr' id='par_1_28' title="bbox 2293 4743 2790 4818">
     <span class='ocr_line' id='line_1_80' title="bbox 2293 4743 2790 4818; baseline -0.006 -14"><span class='ocrx_word' id='word_1_420' title='bbox 2293 4748 2354 4818; x_wconf 84' lang='lat' dir='ltr'><strong>e)</strong></span> <span class='ocrx_word' id='word_1_421' title='bbox 2391 4746 2546 4811; x_wconf 75' lang='lat' dir='ltr'><strong>Fast-</strong></span> <span class='ocrx_word' id='word_1_422' title='bbox 2584 4743 2628 4802; x_wconf 90' lang='lat'><strong>1.</strong></span> <span class='ocrx_word' id='word_1_423' title='bbox 2665 4757 2790 4812; x_wconf 79' lang='lat'><strong>552.</strong></span> 
     </span>
    </p>
   </div>
  </div>
 </body>
</html>
