4475 5584
951 459 1090 529 152
1873 430 2638 513 PESCENMVS
2737 431 3134 520 NIGER,

2260 704 2311 763 Ρ
2325 707 2380 767 11
2396 705 2458 765 Ε
2474 704 2577 766 TI
2597 703 2756 765 VM.

1309 828 1322 846 ·
1346 811 1684 882 Commatzfa
1729 807 2006 871 Romam·
2020 826 2047 868 .·

1548 908 1754 976 Aurei
1881 943 3286 972 ...............
3373 899 3638 965 RRRR.

1539 1006 1863 1093 Argentei
1989 995 3283 1071 ................
3366 1005 3573 1068 mm.

1538 1096 1751 1176 Aenei
1783 1111 1832 1169 1.
1866 1108 2121 1171 formae
2195 1147 3285 1173 ...........
3367 1108 3520 1170 BR.

1526 1210 1739 1273 Aenci
1777 1211 1858 1273 11.
1895 1209 2151 1274 formae
2297 1245 3287 1278 ..........
3367 1210 3641 1294 RRRR.

1516 1310 1743 1376 ‘Aenei
1778 1311 1865 1372 11.
1895 1323 1961 1372 ct
1996 1314 2111 1377 111.
2141 1311 2399 1376 formae
2515 1349 3283 1376 ........
3367 1309 3457 1373 Ο.

1338 1417 1677 1493 commatis
1711 1416 2062 1494 peneqrim‘.

1535 1513 1965 1601 Cypriorum5
2012 1514 2070 1577 ai
2105 1514 2426 1601 genuinus
2448 1555 2467 1589 ‚
2512 1524 2587 1578 ut
2622 1510 2759 1575 dixi
2832 1554 3282 1578 .....
3288 1548 3291 1552 .
3317 1497 3324 1504 ⁴
3363 1509 3634 1580 Vnicua.

1911 1746 2606 1831 Pescmvzv'nss
2686 1767 3039 1830 maen.

1056 1967 1129 2032 C.
1169 1962 1519 2027 Pescennii
1558 1962 1751 2049 Nigri
1794 1982 1955 2048 gens
1987 1961 2246 2047 Aquino
2299 1959 2434 2021 ori-

935 2064 1148 2141 unda,
1211 2062 1394 2152 cujus
1419 2068 1801 2127 'curatorem
1846 2083 2004 2130 avua
2050 2062 2206 2154 egit.
2280 2063 2429 2144 Ipse

933 2165 1314 2255 parentibus
1363 2165 1642 2229 modicis
1699 2180 1928 2242 natus,
1991 2179 2179 2250 patre
2214 2160 2427 2225 Annio

933 2272 1193 2351 FuscO,
1240 2280 1448 2331 matre
1477 2268 1852 2354 Lampridia
1885 2268 1970 2349 ι·).
2049 2268 2212 2329 Post
2252 2264 2428 2328 varia

935 2369 1210 2434 militiae
1241 2369 1459 2431 munia
1514 2389 1663 2432 cum
1709 2367 2114 2432 laudecbita
2167 2389 2202 2429 a
2235 2366 2429 2428 Com·

935 2471 1137 2534 modo
1190 2468 1558 2536 declaratus
1613 2473 1842 2533 consul
1874 2469 1939 2550 b)
2007 2490 2082 2531 ac
2140 2466 2425 2551 denique

928 2570 1252 2635 exercitui
1274 2571 1543 2656 Syriaco
1563 2571 1976 2656 praepositus
2003 2584 2104 2634 cst
2136 2571 2216 2652 Β).
2263 2570 2426 2632 Cae·

938 2693 1013 2735 so
1072 2694 1109 2735 a
1178 2671 1496 2735 militibus
1543 2671 1930 2747 Pertinace,
2002 2672 2423 2757 cognitoque,

930 2774 1250 2837 lulianum
1271 2818 1291 2851 ,
1336 2773 1512 2860 quod
1530 2794 1653 2858 per
1672 2772 2114 2838 execrabilem
2150 2773 2429 2858 cmptio-

930 2896 1083 2939 nem
1137 2874 1575 2960 principatum
1635 2878 2041 2960 arripuerat,
2121 2876 2425 2939 omnibus

933 2979 1148 3062 palam
1192 2978 1521 3041 redditum
1583 2978 1904 3055 invisum,
1982 2998 2115 3040 non
2173 2977 2466 3040 dubita··

932 3079 1030 3142 vit
1073 3077 1363 3142 oblatum
1406 3079 1531 3140 sihi
1593 3101 1628 3141 a
1678 3078 2054 3163 legionibus
2117 3077 2251 3141 suis
2309 3078 2428 3140 im-

931 3179 1190 3263 perium
1238 3199 1562 3263 occupare
1595 3176 1680 3258 d).
1758 3181 1848 3242 Et
1896 3178 2215 3242 tenuisset
2260 3176 2454 3258 illud*

938 3282 1198 3363 quiete,
1259 3280 1316 3342 ai
1367 3299 1490 3363 per
1536 3281 1852 3363 populum
1885 3283 2253 3343 Romanum
2302 3293 2432 3342 ste-

941 3383 1161 3457 tisset,
1206 3381 1320 3466 qui
1370 3379 1622 3443 Iuliano
1667 3400 1888 3444 coram
1933 3400 2067 3443 non
2111 3378 2431 3444 dubitavit

945 3481 1201 3545 sublato
1254 3480 1544 3546 clamore
1573 3479 1852 3564 Nigrum
1899 3480 2024 3543 sibi
2063 3482 2429 3567 principem

936 3597 1005 3647 et
1047 3584 1414 3668 Augustum
1461 3582 1822 3668 deposcere
1855 3583 1934 3664 ι3).
2047 3584 2150 3646 Εο
2200 3583 2432 3670 populi

944 3684 1204 3749 adfectu
1236 3683 1505 3769 segnior
1540 3684 1750 3752 otiose
1784 3685 1926 3772 ipse
1963 3684 2266 3750 desidere
2296 3686 2430 3748 An-

940 3785 1261 3863 tiochiae,
1308 3784 1520 3854 donec
1570 3806 1832 3854 caesum
1877 3787 2237 3864 Iulianum,
2297 3790 2432 3853 Ro-

939 3908 1248 3973 mamque
1294 3887 1512 3951 teueri
1561 3910 1598 3950 a
1648 3889 1937 3965 Severo,
2010 3904 2203 3975 atquc
2251 3890 2427 3954 hunc

941 3989 1192 4054 bellum
1213 3989 1561 4054 adversum
1586 4009 1657 4053 sc
1686 4012 1921 4074 parare
1942 3990 2208 4056 audivit.
2253 3995 2428 4055 Tum

938 4112 1100 4156 vcro
1144 4091 1447 4158 omnibu·
1482 4090 1568 4156 ad
1604 4092 2046 4158 resistendum
2085 4112 2432 4178 praepara-

942 4194 1068 4271 tis,
1138 4194 1494 4276 Byzantio,
1553 4193 1829 4280 aliisque
1887 4192 2082 4260 Asiae
2133 4194 2427 4270 urbibus,

1007 4518 1069 4588 a)
1108 4513 1404 4592 SpartIan.

936 4603 999 4661 in
1024 4603 1394 4667 Pescenm‘ct
1422 4603 1661 4667 Severo.

935 4693 1256 4753 Hemdiau.
1404 4699 1466 4774 g)
1507 4695 1803 4773 Spartian.
1838 4718 1887 4758 c.
1918 4712 1972 4767 3.
1999 4740 2006 4746 -

1546 4513 1619 4589 b)
1657 4514 1955 4596 spartian.
1994 4538 2048 4580 c.
2073 4523 2124 4579 4.
2167 4516 2490 4578 Herodian.
2530 4516 2593 4574 in
2623 4512 2946 4575 Pertinace.

1841 4612 1902 4683 e)
1943 4607 2241 4686 spartian.
2281 4629 2330 4666 c.
2362 4620 2415 4669 2.
2454 4606 2774 4666 Herodian.
2807 4608 2871 4667 in
2899 4606 3115 4668 Pertin.

2120 4696 2194 4775 h)
2235 4696 2388 4757 Ibid.
2429 4717 2479 4758 c.
2513 4712 2566 4759 ι.

2548 1976 2614 2024 ct
2640 1961 2843 2026 Tauri
2894 1958 3209 2045 angustiis
3242 1957 3574 2044 praesidio
3623 1958 3890 2024 munitis
3917 1960 4046 2024 Ae-

2546 2063 2884 2128 milianum
2942 2082 3092 2126 cum
3143 2061 3439 2125 exercitu
3486 2060 3862 2144 praemisit,
3923 2059 4043 2128 aed

2543 2165 2671 2228 hoc
2718 2163 2801 2227 ad
2834 2163 3147 2246 Cyzicum
3180 2163 3356 2225 victo
3405 2180 3731 2247 caesoque
3765 2163 4036 2227 alteram

2542 2286 2772 2330 rursus
2830 2267 3040 2338 aleam
3097 2263 3180 2331 ad
3237 2262 3446 2326 sinum
3511 2264 3820 2342 Issicum,
3906 2285 4041 2352 quo

2543 2367 2702 2431 olim
2724 2368 2875 2431 loco
2912 2365 3152 2428 Darius
3188 2386 3336 2428 cum
3356 2366 3732 2448 Alexandro
3766 2370 3854 2429 M.
3883 2379 4063 2429 con··

2540 2466 2742 2546 flixit,
2822 2488 2972 2531 cum
3035 2468 3296 2534 aemulo
3361 2466 3652 2550 experiri
3714 2466 4040 2552 decrevit,

2544 2570 2730 2652 cujus
2762 2586 3022 2654 pugnae
3058 2566 3114 2628 ia
3144 2565 3272 2631 fuit
3297 2553 3521 2631 'exitus
3543 2612 3563 2646 ,
3624 2581 3696 2629 ut
3730 2566 3904 2630 edita
3936 2568 4036 2631 in·

2545 2686 2741 2756 gente
2793 2670 3100 2758 utrinque
3153 2669 3355 2735 caede
3409 2670 3555 2753 ipse
3605 2667 3889 2766 denique
3938 2657 4038 2732 in·

2537 2773 2747 2837 serior
2788 2772 2945 2857 fuga
2996 2771 3076 2836 ad
3112 2772 3519 2857 Euphratem
3565 2771 4025 2847 contenderet,

2541 2875 2657 2937 sed
2702 2887 3025 2938 retractus
3065 2898 3100 2937 a
3132 2874 3504 2938 Severianis
3544 2886 3759 2936 morte
3796 2870 4033 2936 adfice-

2538 2990 2742 3040 retur.
2814 2975 2976 3061 Ejua
3019 2988 3212 3059 caput
3258 2997 3294 3037 a
3353 2974 3604 3038 Severo
3639 2975 4034 3055 Byzantium

2540 3079 2851 3153 missum,
2930 3090 2997 3140 et
3042 3077 3195 3163 palo
3249 3075 3613 3160 praefixum
3663 3076 4027 3161 oppidania,

2541 3193 2615 3243 ut
2654 3178 3079 3264 pertinaciam
3146 3177 3215 3241 in
3260 3177 3630 3242 resistendo
3685 3192 4032 3262 ponerent,

2544 3294 2937 3344 ostentatum
2984 3278 3058 3362 ¹).
3147 3283 3364 3367 Atque
3418 3280 3592 3345 hunc
3647 3278 3716 3341 in
3760 3276 4031 3342 modum

2540 3382 2741 3460 vitani
2780 3403 2928 3446 cum
2974 3381 3252 3465 imperio
3296 3379 3464 3444 finiit
3496 3382 3705 3464 Niger
3753 3401 3924 3444 anno
3952 3382 4034 3446 V.

2548 3485 2617 3547 C.
2653 3494 2799 3564 947.
2855 3484 2956 3547 rei
2990 3483 3288 3546 militaris
3321 3482 3573 3567 peritus
3612 3483 3918 3566 egregie,
3963 3495 4033 3544 et

2541 3598 2817 3670 propter
2846 3584 3229 3668 disciplinae
3256 3600 3465 3661 artes,
3504 3605 3628 3669 qua
3666 3583 4031 3648 exercitum

2541 3686 2831 3750 retinere
2857 3688 2932 3748 in
2964 3684 3188 3750 officio
3218 3685 3436 3763 novit,
3481 3685 3562 3749 ab
3598 3685 3744 3771 ipso
3782 3686 4035 3749 Severo

2543 3788 2612 3869 in
2660 3789 2877 3872 pretio
2921 3788 3178 3852 habitus
3210 3788 3313 3869 g),
3378 3802 3672 3851 ceterum
3734 3785 4029 3850 moribus

2542 3890 2770 3968 ferox,
2832 3904 2899 3953 ct
2953 3888 3308 3953 effrenatae
3357 3890 3441 3954 ad
3475 3909 3669 3954 omne
3717 3886 4032 3973 cupidita·

2542 4003 2681 4056 tum
2718 4011 2924 4077 genus
2955 3989 3245 4054 libidinis
3276 3988 3364 4072 h).

2580 4125 2588 4133 ·
2670 4095 2774 4154 Ex
2802 4114 3009 4157 uxore
3024 4093 3249 4179 plures
3280 4090 3507 4154 habuit
3530 4091 3819 4171 liberos,
3863 4106 4030 4177 quos

2546 4194 2833 4262 Severus
2882 4193 3134 4260 bellum
3183 4194 3252 4255 in
3279 4208 3531 4280 patrem
3570 4216 3807 4281 parans
3857 4205 4042 4257 arcte

3073 4518 3133 4591 c)
3169 4515 3324 4575 Ibid.
3358 4536 3407 4575 c.
3443 4530 3495 4576 1.
3627 4511 3699 4590 d)
3736 4476 4036 4591 Spartian-

3262 4609 3315 4682 f)
3351 4606 3467 4667 Dio
3496 4607 3562 4665 L.
3593 4602 3861 4667 LXXIV.
3903 4606 3934 4679 §
3976 4617 4029 4667 r.
