<?xml version="1.0" encoding="UTF-8"?>
<!DOCTYPE html PUBLIC "-//W3C//DTD XHTML 1.0 Transitional//EN"
    "http://www.w3.org/TR/xhtml1/DTD/xhtml1-transitional.dtd">
<html xmlns="http://www.w3.org/1999/xhtml" xml:lang="en" lang="en">
 <head>
  <title>
</title>
<meta http-equiv="Content-Type" content="text/html;charset=utf-8" />
  <meta name='ocr-system' content='tesseract 3.04.00' />
  <meta name='ocr-capabilities' content='ocr_page ocr_carea ocr_par ocr_line ocrx_word'/>
</head>
<body>
  <div class='ocr_page' id='page_1' title='image "./doctrinanumorum09unkngoog/doctrinanumorum09unkngoog_0176.png"; bbox 0 0 4475 5584; ppageno 0'>
   <div class='ocr_carea' id='block_1_1' title="bbox 933 428 2411 530">
    <p class='ocr_par' dir='ltr' id='par_1_1' title="bbox 933 428 2411 530">
     <span class='ocr_line' id='line_1_1' title="bbox 933 428 2411 530; baseline -0.001 -28"><span class='ocrx_word' id='word_1_1' title='bbox 933 450 1099 530; x_wconf 34' lang='lat'>104*</span> <span class='ocrx_word' id='word_1_2' title='bbox 1880 428 2411 510; x_wconf 77' lang='lat' dir='ltr'>CLODIVS</span> 
     </span>
    </p>
   </div>
   <div class='ocr_carea' id='block_1_2' title="bbox 918 615 2426 1605">
    <p class='ocr_par' dir='ltr' id='par_1_2' title="bbox 918 615 2426 1605">
     <span class='ocr_line' id='line_1_2' title="bbox 924 615 2425 691; baseline -0.006 -1"><span class='ocrx_word' id='word_1_3' title='bbox 924 644 1159 691; x_wconf 89' lang='lat' dir='ltr'>numos</span> <span class='ocrx_word' id='word_1_4' title='bbox 1196 622 1398 685; x_wconf 81' lang='lat' dir='ltr'>fuisse</span> <span class='ocrx_word' id='word_1_5' title='bbox 1419 640 1609 685; x_wconf 85' lang='lat' dir='ltr'>cusos</span> <span class='ocrx_word' id='word_1_6' title='bbox 1640 615 2152 685; x_wconf 73' lang='lat' dir='ltr'>verisimile·eat.</span> <span class='ocrx_word' id='word_1_7' title='bbox 2194 617 2425 686; x_wconf 81' lang='lat' dir='ltr'>Offici-</span> 
     </span>
     <span class='ocr_line' id='line_1_3' title="bbox 924 722 2426 810; baseline -0.007 -18"><span class='ocrx_word' id='word_1_8' title='bbox 924 747 1004 793; x_wconf 84' lang='lat' dir='ltr'>na</span> <span class='ocrx_word' id='word_1_9' title='bbox 1059 725 1519 810; x_wconf 76' lang='lat' dir='ltr'>Lugdunensis</span> <span class='ocrx_word' id='word_1_10' title='bbox 1562 725 1694 809; x_wconf 87' lang='lat' dir='ltr'>jam</span> <span class='ocrx_word' id='word_1_11' title='bbox 1745 738 2146 787; x_wconf 83' lang='lat' dir='ltr'>memoratur</span> <span class='ocrx_word' id='word_1_12' title='bbox 2190 722 2258 784; x_wconf 89' lang='lat' dir='ltr'>in</span> <span class='ocrx_word' id='word_1_13' title='bbox 2307 743 2426 782; x_wconf 88' lang='lat' dir='ltr'>nu·</span> 
     </span>
     <span class='ocr_line' id='line_1_4' title="bbox 925 824 2426 900; baseline -0.007 -6"><span class='ocrx_word' id='word_1_14' title='bbox 925 830 1048 900; x_wconf 85' lang='lat' dir='ltr'>mis</span> <span class='ocrx_word' id='word_1_15' title='bbox 1096 825 1364 889; x_wconf 78' lang='lat' dir='ltr'>Antonii</span> <span class='ocrx_word' id='word_1_16' title='bbox 1414 825 1670 900; x_wconf 82' lang='lat' dir='ltr'>Illviri,</span> <span class='ocrx_word' id='word_1_17' title='bbox 1743 826 1951 888; x_wconf 88' lang='lat' dir='ltr'>multo</span> <span class='ocrx_word' id='word_1_18' title='bbox 2024 838 2243 888; x_wconf 84' lang='lat' dir='ltr'>autem</span> <span class='ocrx_word' id='word_1_19' title='bbox 2291 824 2426 885; x_wconf 86' lang='lat' dir='ltr'>fre-</span> 
     </span>
     <span class='ocr_line' id='line_1_5' title="bbox 920 924 2424 1016; baseline -0.003 -24"><span class='ocrx_word' id='word_1_20' title='bbox 920 928 1227 1016; x_wconf 83' lang='lat' dir='ltr'>quentius</span> <span class='ocrx_word' id='word_1_21' title='bbox 1251 927 1317 988; x_wconf 88' lang='lat' dir='ltr'>in</span> <span class='ocrx_word' id='word_1_22' title='bbox 1359 928 1573 989; x_wconf 84' lang='lat' dir='ltr'>numia</span> <span class='ocrx_word' id='word_1_23' title='bbox 1605 927 1940 990; x_wconf 83' lang='lat' dir='ltr'>inferioris</span> <span class='ocrx_word' id='word_1_24' title='bbox 1977 926 2141 988; x_wconf 86' lang='lat' dir='ltr'>aevi.</span> <span class='ocrx_word' id='word_1_25' title='bbox 2184 924 2424 1008; x_wconf 83' lang='lat' dir='ltr'>Aquila</span> 
     </span>
     <span class='ocr_line' id='line_1_6' title="bbox 926 1026 2424 1117; baseline -0.005 -23"><span class='ocrx_word' id='word_1_26' title='bbox 926 1032 1204 1117; x_wconf 82' lang='lat' dir='ltr'>pedibus</span> <span class='ocrx_word' id='word_1_27' title='bbox 1256 1030 1560 1092; x_wconf 85' lang='lat' dir='ltr'>adstituta</span> <span class='ocrx_word' id='word_1_28' title='bbox 1602 1029 1778 1092; x_wconf 83' lang='lat' dir='ltr'>forte</span> <span class='ocrx_word' id='word_1_29' title='bbox 1827 1028 2110 1103; x_wconf 85' lang='lat' dir='ltr'>indicat,</span> <span class='ocrx_word' id='word_1_30' title='bbox 2157 1026 2424 1110; x_wconf 81' lang='lat' dir='ltr'>Lugdu-</span> 
     </span>
     <span class='ocr_line' id='line_1_7' title="bbox 924 1129 2426 1205; baseline -0.004 -10"><span class='ocrx_word' id='word_1_31' title='bbox 924 1154 1083 1196; x_wconf 82' lang='lat' dir='ltr'>num</span> <span class='ocrx_word' id='word_1_32' title='bbox 1116 1134 1184 1194; x_wconf 87' lang='lat' dir='ltr'>in</span> <span class='ocrx_word' id='word_1_33' title='bbox 1221 1152 1470 1194; x_wconf 85' lang='lat' dir='ltr'>summa</span> <span class='ocrx_word' id='word_1_34' title='bbox 1497 1129 1669 1193; x_wconf 85' lang='lat' dir='ltr'>Iovis</span> <span class='ocrx_word' id='word_1_35' title='bbox 1701 1131 1906 1193; x_wconf 89' lang='lat' dir='ltr'>tutela</span> <span class='ocrx_word' id='word_1_36' title='bbox 1924 1130 2164 1205; x_wconf 84' lang='lat' dir='ltr'>fuisse,</span> <span class='ocrx_word' id='word_1_37' title='bbox 2206 1140 2280 1189; x_wconf 86' lang='lat' dir='ltr'>nt</span> <span class='ocrx_word' id='word_1_38' title='bbox 2319 1147 2426 1189; x_wconf 88' lang='lat' dir='ltr'>re-</span> 
     </span>
     <span class='ocr_line' id='line_1_8' title="bbox 922 1228 2426 1315; baseline -0.005 -19"><span class='ocrx_word' id='word_1_39' title='bbox 922 1256 1080 1301; x_wconf 83' lang='lat' dir='ltr'>vera</span> <span class='ocrx_word' id='word_1_40' title='bbox 1110 1233 1386 1296; x_wconf 78' lang='lat' dir='ltr'><strong>Albinus</strong></span> <span class='ocrx_word' id='word_1_41' title='bbox 1435 1232 1676 1315; x_wconf 88' lang='lat' dir='ltr'>primas</span> <span class='ocrx_word' id='word_1_42' title='bbox 1734 1253 1882 1295; x_wconf 83' lang='lat' dir='ltr'>suas</span> <span class='ocrx_word' id='word_1_43' title='bbox 1926 1229 2237 1294; x_wconf 79' lang='lat' dir='ltr'>victorias</span> <span class='ocrx_word' id='word_1_44' title='bbox 2278 1228 2426 1291; x_wconf 82' lang='lat' dir='ltr'>Iovi</span> 
     </span>
     <span class='ocr_line' id='line_1_9' title="bbox 918 1330 2417 1420; baseline -0.005 -21"><span class='ocrx_word' id='word_1_45' title='bbox 918 1350 1219 1420; x_wconf 81' lang='lat' dir='ltr'>acceptas</span> <span class='ocrx_word' id='word_1_46' title='bbox 1306 1333 1459 1393; x_wconf 84' lang='lat' dir='ltr'>tulit</span> <span class='ocrx_word' id='word_1_47' title='bbox 1557 1346 1731 1396; x_wconf 84' lang='lat' dir='ltr'>teste</span> <span class='ocrx_word' id='word_1_48' title='bbox 1816 1353 2016 1395; x_wconf 88' lang='lat' dir='ltr'>numo</span> <span class='ocrx_word' id='word_1_49' title='bbox 2103 1330 2417 1413; x_wconf 76' lang='lat' dir='ltr'>argenteo</span> 
     </span>
     <span class='ocr_line' id='line_1_10' title="bbox 919 1432 2415 1522; baseline -0.005 -22"><span class='ocrx_word' id='word_1_50' title='bbox 919 1438 1091 1522; x_wconf 82' lang='lat' dir='ltr'>apud</span> <span class='ocrx_word' id='word_1_51' title='bbox 1125 1433 1545 1502; x_wconf 85' lang='lat' dir='ltr'>Vaillantium</span> <span class='ocrx_word' id='word_1_52' title='bbox 1582 1455 1732 1498; x_wconf 86' lang='lat' dir='ltr'>cum</span> <span class='ocrx_word' id='word_1_53' title='bbox 1768 1434 2161 1520; x_wconf 77' lang='lat' dir='ltr'>epigraphe:</span> <span class='ocrx_word' id='word_1_54' title='bbox 2198 1432 2415 1499; x_wconf 90' lang='lat' dir='ltr'><strong>IOVI.</strong></span> 
     </span>
     <span class='ocr_line' id='line_1_11' title="bbox 923 1537 1312 1605; baseline -0.015 0"><span class='ocrx_word' id='word_1_55' title='bbox 923 1537 1312 1605; x_wconf 82' lang='lat' dir='ltr'>VICTORI.</span> 
     </span>
    </p>
   </div>
   <div class='ocr_carea' id='block_1_3' title="bbox 1125 1677 1454 1736">
    <p class='ocr_par' dir='ltr' id='par_1_3' title="bbox 1125 1677 1454 1736">
     <span class='ocr_line' id='line_1_12' title="bbox 1125 1677 1454 1736; baseline -0.006 -2"><span class='ocrx_word' id='word_1_56' title='bbox 1125 1679 1208 1736; x_wconf 79' lang='lat' dir='ltr'>Vt</span> <span class='ocrx_word' id='word_1_57' title='bbox 1248 1679 1344 1736; x_wconf 82' lang='lat' dir='ltr'>lit.</span> <span class='ocrx_word' id='word_1_58' title='bbox 1375 1677 1454 1734; x_wconf 81' lang='lat' dir='ltr'><strong>D.</strong></span> 
     </span>
    </p>
   </div>
   <div class='ocr_carea' id='block_1_4' title="bbox 915 1790 2419 1973">
    <p class='ocr_par' dir='ltr' id='par_1_4' title="bbox 915 1790 2419 1973">
     <span class='ocr_line' id='line_1_13' title="bbox 918 1790 2419 1882; baseline 0 -29"><span class='ocrx_word' id='word_1_59' title='bbox 918 1793 1127 1854; x_wconf 77' lang='lat' dir='ltr'><strong>MAR.</strong></span> <span class='ocrx_word' id='word_1_60' title='bbox 1136 1793 1372 1882; x_wconf 31' lang='lat' dir='ltr'>&#39;VL&#39;R</span> <span class='ocrx_word' id='word_1_61' title='bbox 1422 1790 1611 1855; x_wconf 89' lang='lat' dir='ltr'>COS.</span> <span class='ocrx_word' id='word_1_62' title='bbox 1650 1792 1729 1851; x_wconf 81' lang='lat'>11</span> <span class='ocrx_word' id='word_1_63' title='bbox 1774 1795 1952 1853; x_wconf 79' lang='lat' dir='ltr'>Mars</span> <span class='ocrx_word' id='word_1_64' title='bbox 1988 1803 2168 1852; x_wconf 80' lang='lat' dir='ltr'>stam</span> <span class='ocrx_word' id='word_1_65' title='bbox 2207 1796 2270 1852; x_wconf 86' lang='lat' dir='ltr'>d.</span> <span class='ocrx_word' id='word_1_66' title='bbox 2301 1795 2419 1853; x_wconf 72' lang='lat' dir='ltr'><em>lea-</em></span> 
     </span>
     <span class='ocr_line' id='line_1_14' title="bbox 915 1892 2416 1973; baseline -0.001 -17"><span class='ocrx_word' id='word_1_67' title='bbox 915 1908 1120 1969; x_wconf 73' lang='lat' dir='ltr'>atam‚</span> <span class='ocrx_word' id='word_1_68' title='bbox 1213 1915 1264 1956; x_wconf 79' lang='lat' dir='ltr'>a.</span> <span class='ocrx_word' id='word_1_69' title='bbox 1309 1895 1589 1973; x_wconf 73' lang='lat' dir='ltr'>qaleam.</span> <span class='ocrx_word' id='word_1_70' title='bbox 1654 1893 1795 1954; x_wconf 85' lang='lat' dir='ltr'><strong>AR.</strong></span> <span class='ocrx_word' id='word_1_71' title='bbox 1874 1892 2075 1971; x_wconf 85' lang='lat' dir='ltr'>(Mus.</span> <span class='ocrx_word' id='word_1_72' title='bbox 2134 1893 2316 1956; x_wconf 88' lang='lat' dir='ltr'>Com.</span> <span class='ocrx_word' id='word_1_73' title='bbox 2380 1914 2416 1954; x_wconf 87' lang='lat' dir='ltr'>a</span> 
     </span>
    </p>
   </div>
   <div class='ocr_carea' id='block_1_5' title="bbox 922 1995 1192 2072">
    <p class='ocr_par' dir='ltr' id='par_1_5' title="bbox 922 1995 1192 2072">
     <span class='ocr_line' id='line_1_15' title="bbox 922 1995 1192 2072; baseline -0.011 -14"><span class='ocrx_word' id='word_1_74' title='bbox 922 1995 1159 2064; x_wconf 84' lang='lat' dir='ltr'>Vitzai.</span> <span class='ocrx_word' id='word_1_75' title='bbox 1166 1995 1192 2072; x_wconf 92' lang='lat'><strong>)</strong></span> 
     </span>
    </p>
   </div>
   <div class='ocr_carea' id='block_1_6' title="bbox 1474 2163 1844 2248">
    <p class='ocr_par' dir='ltr' id='par_1_6' title="bbox 1474 2163 1844 2248">
     <span class='ocr_line' id='line_1_16' title="bbox 1474 2163 1844 2248; baseline 0.005 -2"><span class='ocrx_word' id='word_1_76' title='bbox 1474 2207 1512 2246; x_wconf 56' lang='lat' dir='ltr'>st</span> <span class='ocrx_word' id='word_1_77' title='bbox 1638 2163 1677 2202; x_wconf 38' lang='grc' dir='ltr'><strong><em>ξ</em></strong></span> <span class='ocrx_word' id='word_1_78' title='bbox 1804 2208 1844 2248; x_wconf 54' lang='grc' dir='ltr'>θ’</span> 
     </span>
    </p>
   </div>
   <div class='ocr_carea' id='block_1_7' title="bbox 1195 2315 2414 2501">
    <p class='ocr_par' dir='ltr' id='par_1_7' title="bbox 1195 2315 2414 2501">
     <span class='ocr_line' id='line_1_17' title="bbox 1198 2315 2414 2382; baseline 0.002 -3"><span class='ocrx_word' id='word_1_79' title='bbox 1198 2315 1376 2380; x_wconf 77' lang='grc' dir='ltr'><strong>ΙΜΡ.</strong></span> <span class='ocrx_word' id='word_1_80' title='bbox 1448 2318 1691 2381; x_wconf 84' lang='lat' dir='ltr'><strong>CAES.</strong></span> <span class='ocrx_word' id='word_1_81' title='bbox 1760 2320 1892 2382; x_wconf 83' lang='lat' dir='ltr'>CL.</span> <span class='ocrx_word' id='word_1_82' title='bbox 1960 2319 2205 2382; x_wconf 84' lang='lat' dir='ltr'><strong>SEPT.</strong></span> <span class='ocrx_word' id='word_1_83' title='bbox 2270 2322 2414 2382; x_wconf 85' lang='lat' dir='ltr'>AL-</span> 
     </span>
     <span class='ocr_line' id='line_1_18' title="bbox 1195 2421 2279 2501; baseline 0.004 -20"><span class='ocrx_word' id='word_1_84' title='bbox 1195 2423 1366 2484; x_wconf 87' lang='lat' dir='ltr'><strong>BIN.</strong></span> <span class='ocrx_word' id='word_1_85' title='bbox 1412 2421 1612 2490; x_wconf 80' lang='lat' dir='ltr'><strong>AVG.</strong></span> <span class='ocrx_word' id='word_1_86' title='bbox 1669 2423 1871 2501; x_wconf 81' lang='lat' dir='ltr'>Caput</span> <span class='ocrx_word' id='word_1_87' title='bbox 1897 2425 2279 2485; x_wconf 74' lang='lat' dir='ltr'>laureatum.</span> 
     </span>
    </p>
   </div>
   <div class='ocr_carea' id='block_1_8' title="bbox 910 2557 2409 2654">
    <p class='ocr_par' dir='ltr' id='par_1_8' title="bbox 910 2557 2409 2654">
     <span class='ocr_line' id='line_1_19' title="bbox 910 2557 2409 2654; baseline 0 -33"><span class='ocrx_word' id='word_1_88' title='bbox 910 2559 982 2622; x_wconf 85' lang='lat' dir='ltr'>S.</span> <span class='ocrx_word' id='word_1_89' title='bbox 1020 2560 1098 2622; x_wconf 97' lang='lat' dir='ltr'>P.</span> <span class='ocrx_word' id='word_1_90' title='bbox 1139 2557 1223 2654; x_wconf 93' lang='lat' dir='ltr'><strong>Q.</strong></span> <span class='ocrx_word' id='word_1_91' title='bbox 1258 2561 1339 2623; x_wconf 79' lang='lat' dir='ltr'><strong>R.</strong></span> <span class='ocrx_word' id='word_1_92' title='bbox 1376 2560 1453 2623; x_wconf 90' lang='lat' dir='ltr'>P.</span> <span class='ocrx_word' id='word_1_93' title='bbox 1487 2557 1563 2618; x_wconf 89' lang='lat' dir='ltr'>P.</span> <span class='ocrx_word' id='word_1_94' title='bbox 1622 2557 1763 2623; x_wconf 89' lang='lat' dir='ltr'>OB.</span> <span class='ocrx_word' id='word_1_95' title='bbox 1810 2560 1881 2622; x_wconf 94' lang='lat' dir='ltr'>C.</span> <span class='ocrx_word' id='word_1_96' title='bbox 1934 2558 1999 2620; x_wconf 90' lang='grc'>8.</span> <span class='ocrx_word' id='word_1_97' title='bbox 2058 2562 2232 2619; x_wconf 75' lang='lat' dir='ltr'>intra</span> <span class='ocrx_word' id='word_1_98' title='bbox 2268 2560 2409 2621; x_wconf 76' lang='lat' dir='ltr'>lau·</span> 
     </span>
    </p>
   </div>
   <div class='ocr_carea' id='block_1_9' title="bbox 800 2659 2404 2744">
    <p class='ocr_par' dir='ltr' id='par_1_9' title="bbox 800 2659 2404 2744">
     <span class='ocr_line' id='line_1_20' title="bbox 800 2659 2404 2744; baseline 0 -22"><span class='ocrx_word' id='word_1_99' title='bbox 800 2724 805 2730; x_wconf 62' lang='lat'>,</span> <span class='ocrx_word' id='word_1_100' title='bbox 911 2683 1109 2725; x_wconf 84' lang='lat' dir='ltr'>ream.</span> <span class='ocrx_word' id='word_1_101' title='bbox 1167 2664 1305 2726; x_wconf 76' lang='lat' dir='ltr'><strong>AR.</strong></span> <span class='ocrx_word' id='word_1_102' title='bbox 1369 2659 1595 2744; x_wconf 80' lang='lat' dir='ltr'>(vain.</span> <span class='ocrx_word' id='word_1_103' title='bbox 1646 2662 1840 2723; x_wconf 80' lang='lat' dir='ltr'>Num.</span> <span class='ocrx_word' id='word_1_104' title='bbox 1896 2672 2137 2742; x_wconf 84' lang='lat' dir='ltr'>praest.</span> <span class='ocrx_word' id='word_1_105' title='bbox 2190 2663 2269 2721; x_wconf 88' lang='lat' dir='ltr'>T.</span> <span class='ocrx_word' id='word_1_106' title='bbox 2325 2661 2404 2723; x_wconf 91' lang='lat'><strong>11.</strong></span> 
     </span>
    </p>
   </div>
   <div class='ocr_carea' id='block_1_10' title="bbox 908 2760 2085 2846">
    <p class='ocr_par' dir='ltr' id='par_1_10' title="bbox 908 2760 2085 2846">
     <span class='ocr_line' id='line_1_21' title="bbox 908 2760 2085 2846; baseline -0.004 -20"><span class='ocrx_word' id='word_1_107' title='bbox 908 2762 1069 2827; x_wconf 84' lang='lat' dir='ltr'>edit.</span> <span class='ocrx_word' id='word_1_108' title='bbox 1104 2765 1298 2826; x_wconf 81' lang='lat' dir='ltr'>Rom.</span> <span class='ocrx_word' id='word_1_109' title='bbox 1332 2784 1401 2846; x_wconf 82' lang='lat' dir='ltr'>p.</span> <span class='ocrx_word' id='word_1_110' title='bbox 1436 2761 1579 2823; x_wconf 75' lang='lat'><strong>208.</strong></span> <span class='ocrx_word' id='word_1_111' title='bbox 1611 2761 1680 2821; x_wconf 84' lang='lat' dir='ltr'>in</span> <span class='ocrx_word' id='word_1_112' title='bbox 1707 2760 2085 2839; x_wconf 82' lang='lat' dir='ltr'>iconismo.)</span> 
     </span>
    </p>
   </div>
   <div class='ocr_carea' id='block_1_11' title="bbox 844 2879 2420 3768">
    <p class='ocr_par' dir='ltr' id='par_1_11' title="bbox 844 2879 2420 3768">
     <span class='ocr_line' id='line_1_22' title="bbox 1034 2879 2412 2964; baseline -0.001 -20"><span class='ocrx_word' id='word_1_113' title='bbox 1034 2880 1201 2945; x_wconf 88' lang='lat' dir='ltr'>Cum</span> <span class='ocrx_word' id='word_1_114' title='bbox 1238 2880 1510 2944; x_wconf 75' lang='lat' dir='ltr'>Albinus</span> <span class='ocrx_word' id='word_1_115' title='bbox 1533 2925 1552 2957; x_wconf 96' lang='lat'>,</span> <span class='ocrx_word' id='word_1_116' title='bbox 1608 2900 1691 2943; x_wconf 81' lang='lat' dir='ltr'>ex</span> <span class='ocrx_word' id='word_1_117' title='bbox 1724 2899 1854 2963; x_wconf 86' lang='lat' dir='ltr'>quo</span> <span class='ocrx_word' id='word_1_118' title='bbox 1892 2879 2171 2964; x_wconf 75' lang='lat' dir='ltr'>Augusti</span> <span class='ocrx_word' id='word_1_119' title='bbox 2203 2881 2412 2942; x_wconf 86' lang='lat' dir='ltr'>hono-</span> 
     </span>
     <span class='ocr_line' id='line_1_23' title="bbox 906 2981 2405 3065; baseline -0.001 -21"><span class='ocrx_word' id='word_1_120' title='bbox 906 3003 1056 3046; x_wconf 86' lang='lat' dir='ltr'>rem</span> <span class='ocrx_word' id='word_1_121' title='bbox 1102 2984 1468 3046; x_wconf 79' lang='lat' dir='ltr'>reluctante</span> <span class='ocrx_word' id='word_1_122' title='bbox 1517 2982 1768 3045; x_wconf 83' lang='lat' dir='ltr'>Severo</span> <span class='ocrx_word' id='word_1_123' title='bbox 1820 2981 2125 3065; x_wconf 82' lang='lat' dir='ltr'>arripuit,</span> <span class='ocrx_word' id='word_1_124' title='bbox 2197 2982 2405 3044; x_wconf 84' lang='lat' dir='ltr'>hostis</span> 
     </span>
     <span class='ocr_line' id='line_1_24' title="bbox 906 3080 2420 3166; baseline 0 -19"><span class='ocrx_word' id='word_1_125' title='bbox 906 3085 1116 3148; x_wconf 83' lang='lat' dir='ltr'>fuerit</span> <span class='ocrx_word' id='word_1_126' title='bbox 1146 3083 1468 3166; x_wconf 87' lang='lat' dir='ltr'>judicatus</span> <span class='ocrx_word' id='word_1_127' title='bbox 1492 3128 1511 3160; x_wconf 91' lang='lat'><strong>‚</strong></span> <span class='ocrx_word' id='word_1_128' title='bbox 1568 3103 1805 3144; x_wconf 89' lang='lat' dir='ltr'>numus</span> <span class='ocrx_word' id='word_1_129' title='bbox 1835 3080 1945 3143; x_wconf 84' lang='lat' dir='ltr'>hic</span> <span class='ocrx_word' id='word_1_130' title='bbox 1994 3082 2061 3143; x_wconf 88' lang='lat' dir='ltr'>in</span> <span class='ocrx_word' id='word_1_131' title='bbox 2101 3083 2269 3146; x_wconf 89' lang='lat' dir='ltr'>urbe</span> <span class='ocrx_word' id='word_1_132' title='bbox 2309 3083 2420 3146; x_wconf 78' lang='lat' dir='ltr'>fe·-</span> 
     </span>
     <span class='ocr_line' id='line_1_25' title="bbox 908 3183 2404 3268; baseline 0 -21"><span class='ocrx_word' id='word_1_133' title='bbox 908 3184 1035 3248; x_wconf 84' lang='lat' dir='ltr'>riri</span> <span class='ocrx_word' id='word_1_134' title='bbox 1093 3205 1222 3249; x_wconf 89' lang='lat' dir='ltr'>non</span> <span class='ocrx_word' id='word_1_135' title='bbox 1276 3185 1528 3268; x_wconf 88' lang='lat' dir='ltr'>potuit,</span> <span class='ocrx_word' id='word_1_136' title='bbox 1601 3202 1817 3266; x_wconf 88' lang='lat' dir='ltr'>neque</span> <span class='ocrx_word' id='word_1_137' title='bbox 1871 3183 2149 3267; x_wconf 88' lang='lat' dir='ltr'>amplius</span> <span class='ocrx_word' id='word_1_138' title='bbox 2208 3209 2246 3247; x_wconf 87' lang='lat' dir='ltr'>a</span> <span class='ocrx_word' id='word_1_139' title='bbox 2304 3203 2404 3247; x_wconf 90' lang='lat' dir='ltr'>se-</span> 
     </span>
     <span class='ocr_line' id='line_1_26' title="bbox 907 3283 2405 3369; baseline -0.002 -21"><span class='ocrx_word' id='word_1_140' title='bbox 907 3299 1060 3349; x_wconf 85' lang='lat' dir='ltr'>natu</span> <span class='ocrx_word' id='word_1_141' title='bbox 1085 3330 1104 3362; x_wconf 96' lang='lat'>,</span> <span class='ocrx_word' id='word_1_142' title='bbox 1145 3286 1307 3350; x_wconf 88' lang='lat' dir='ltr'>licet</span> <span class='ocrx_word' id='word_1_143' title='bbox 1346 3284 1447 3345; x_wconf 89' lang='lat' dir='ltr'>illi</span> <span class='ocrx_word' id='word_1_144' title='bbox 1479 3283 1777 3369; x_wconf 85' lang='lat' dir='ltr'>impense</span> <span class='ocrx_word' id='word_1_145' title='bbox 1815 3283 2039 3347; x_wconf 81' lang='lat' dir='ltr'>dedito</span> <span class='ocrx_word' id='word_1_146' title='bbox 2082 3285 2405 3367; x_wconf 88' lang='lat' dir='ltr'>praestari</span> 
     </span>
     <span class='ocr_line' id='line_1_27' title="bbox 908 3384 2402 3471; baseline -0.001 -22"><span class='ocrx_word' id='word_1_147' title='bbox 908 3389 1162 3464; x_wconf 68' lang='lat' dir='ltr'>honor,</span> <span class='ocrx_word' id='word_1_148' title='bbox 1218 3406 1413 3471; x_wconf 87' lang='lat' dir='ltr'>quem</span> <span class='ocrx_word' id='word_1_149' title='bbox 1446 3384 2173 3469; x_wconf 75' lang='lat' dir='ltr'>numismaprofitetur.</span> <span class='ocrx_word' id='word_1_150' title='bbox 2216 3388 2402 3469; x_wconf 86' lang='lat' dir='ltr'>Ergo</span> 
     </span>
     <span class='ocr_line' id='line_1_28' title="bbox 913 3483 2401 3561; baseline -0.002 -9"><span class='ocrx_word' id='word_1_151' title='bbox 913 3489 969 3552; x_wconf 91' lang='lat' dir='ltr'>si</span> <span class='ocrx_word' id='word_1_152' title='bbox 1007 3508 1206 3553; x_wconf 79' lang='lat' dir='ltr'>verae</span> <span class='ocrx_word' id='word_1_153' title='bbox 1251 3484 1421 3548; x_wconf 84' lang='lat' dir='ltr'>illud</span> <span class='ocrx_word' id='word_1_154' title='bbox 1471 3498 1570 3548; x_wconf 85' lang='lat' dir='ltr'>est</span> <span class='ocrx_word' id='word_1_155' title='bbox 1596 3483 1785 3561; x_wconf 80' lang='lat' dir='ltr'>fidei,</span> <span class='ocrx_word' id='word_1_156' title='bbox 1843 3485 2401 3550; x_wconf 75' lang='lat' dir='ltr'>dissimulantibus</span> 
     </span>
     <span class='ocr_line' id='line_1_29' title="bbox 844 3585 2406 3666; baseline -0.003 -13"><span class='ocrx_word' id='word_1_157' title='bbox 844 3643 876 3662; x_wconf 75' lang='grc'>,,</span> <span class='ocrx_word' id='word_1_158' title='bbox 911 3589 1246 3654; x_wconf 81' lang='lat' dir='ltr'>historicis</span> <span class='ocrx_word' id='word_1_159' title='bbox 1281 3585 1583 3648; x_wconf 87' lang='lat' dir='ltr'>omnibns</span> <span class='ocrx_word' id='word_1_160' title='bbox 1621 3585 1967 3649; x_wconf 83' lang='lat' dir='ltr'>manifeste</span> <span class='ocrx_word' id='word_1_161' title='bbox 2012 3587 2247 3666; x_wconf 81' lang='lat' dir='ltr'>docet,</span> <span class='ocrx_word' id='word_1_162' title='bbox 2292 3588 2406 3650; x_wconf 88' lang='lat' dir='ltr'>Al-</span> 
     </span>
     <span class='ocr_line' id='line_1_30' title="bbox 908 3686 2400 3768; baseline -0.001 -13"><span class='ocrx_word' id='word_1_163' title='bbox 908 3693 1137 3755; x_wconf 88' lang='lat' dir='ltr'>binum</span> <span class='ocrx_word' id='word_1_164' title='bbox 1175 3690 1245 3751; x_wconf 85' lang='lat' dir='ltr'>in</span> <span class='ocrx_word' id='word_1_165' title='bbox 1273 3687 1488 3750; x_wconf 86' lang='lat' dir='ltr'>Gallia</span> <span class='ocrx_word' id='word_1_166' title='bbox 1532 3686 1659 3749; x_wconf 84' lang='lat' dir='ltr'>sibi</span> <span class='ocrx_word' id='word_1_167' title='bbox 1711 3686 2030 3753; x_wconf 84' lang='lat' dir='ltr'>conflasse</span> <span class='ocrx_word' id='word_1_168' title='bbox 2081 3703 2400 3768; x_wconf 86' lang='lat' dir='ltr'>senatum,</span> 
     </span>
    </p>
   </div>
   <div class='ocr_carea' id='block_1_12' title="bbox 780 3789 2407 3880">
    <p class='ocr_par' dir='ltr' id='par_1_12' title="bbox 780 3789 2407 3880">
     <span class='ocr_line' id='line_1_31' title="bbox 780 3789 2407 3880; baseline -0.003 -20"><span class='ocrx_word' id='word_1_169' title='bbox 780 3859 783 3864; x_wconf 86' lang='grc'><strong>,</strong></span> <span class='ocrx_word' id='word_1_170' title='bbox 907 3818 943 3859; x_wconf 82' lang='lat' dir='ltr'>a</span> <span class='ocrx_word' id='word_1_171' title='bbox 989 3791 1121 3880; x_wconf 71' lang='lat' dir='ltr'>qu‘o</span> <span class='ocrx_word' id='word_1_172' title='bbox 1158 3794 1373 3855; x_wconf 73' lang='lat' dir='ltr'>Patris</span> <span class='ocrx_word' id='word_1_173' title='bbox 1425 3793 1689 3852; x_wconf 75' lang='lat' dir='ltr'>Patriae</span> <span class='ocrx_word' id='word_1_174' title='bbox 1726 3789 2274 3874; x_wconf 80' lang='lat' dir='ltr'>appellationem,</span> <span class='ocrx_word' id='word_1_175' title='bbox 2336 3805 2407 3855; x_wconf 88' lang='lat' dir='ltr'>et</span> 
     </span>
    </p>
   </div>
   <div class='ocr_carea' id='block_1_13' title="bbox 904 3888 2410 4767">
    <p class='ocr_par' dir='ltr' id='par_1_13' title="bbox 904 3888 2410 4767">
     <span class='ocr_line' id='line_1_32' title="bbox 911 3888 2405 3978; baseline -0.002 -19"><span class='ocrx_word' id='word_1_176' title='bbox 911 3908 1319 3959; x_wconf 71' lang='lat' dir='ltr'>servatorum</span> <span class='ocrx_word' id='word_1_177' title='bbox 1335 3889 1574 3953; x_wconf 76' lang='lat' dir='ltr'>civium</span> <span class='ocrx_word' id='word_1_178' title='bbox 1597 3888 1820 3966; x_wconf 85' lang='lat' dir='ltr'>decus,</span> <span class='ocrx_word' id='word_1_179' title='bbox 1860 3893 2149 3956; x_wconf 83' lang='lat' dir='ltr'>lauream</span> <span class='ocrx_word' id='word_1_180' title='bbox 2165 3912 2405 3978; x_wconf 85' lang='lat' dir='ltr'>nempe</span> 
     </span>
     <span class='ocr_line' id='line_1_33' title="bbox 913 3991 2410 4060; baseline -0.002 -1"><span class='ocrx_word' id='word_1_181' title='bbox 913 3993 1277 4060; x_wconf 71' lang='lat' dir='ltr'>abstulerit.</span> <span class='ocrx_word' id='word_1_182' title='bbox 1321 3991 1589 4055; x_wconf 85' lang='lat' dir='ltr'>Eadem·</span> <span class='ocrx_word' id='word_1_183' title='bbox 1624 3992 1878 4055; x_wconf 85' lang='lat' dir='ltr'>ratione</span> <span class='ocrx_word' id='word_1_184' title='bbox 1917 3995 2076 4058; x_wconf 90' lang='lat' dir='ltr'>olim</span> <span class='ocrx_word' id='word_1_185' title='bbox 2111 4007 2180 4057; x_wconf 85' lang='lat' dir='ltr'>et</span> <span class='ocrx_word' id='word_1_186' title='bbox 2212 3996 2410 4057; x_wconf 89' lang='lat' dir='ltr'>Pom·</span> 
     </span>
     <span class='ocr_line' id='line_1_34' title="bbox 904 4093 2407 4180; baseline -0.001 -21"><span class='ocrx_word' id='word_1_187' title='bbox 904 4095 1097 4180; x_wconf 83' lang='lat' dir='ltr'>pejus</span> <span class='ocrx_word' id='word_1_188' title='bbox 1142 4098 1235 4158; x_wconf 76' lang='lat' dir='ltr'><strong>M.</strong></span> <span class='ocrx_word' id='word_1_189' title='bbox 1277 4093 1346 4155; x_wconf 89' lang='lat' dir='ltr'>in</span> <span class='ocrx_word' id='word_1_190' title='bbox 1396 4094 1712 4170; x_wconf 80' lang='lat' dir='ltr'>Graecia,</span> <span class='ocrx_word' id='word_1_191' title='bbox 1794 4096 2017 4180; x_wconf 81' lang='lat' dir='ltr'>Scipio</span> <span class='ocrx_word' id='word_1_192' title='bbox 2062 4097 2132 4157; x_wconf 88' lang='lat' dir='ltr'>in</span> <span class='ocrx_word' id='word_1_193' title='bbox 2179 4094 2407 4158; x_wconf 76' lang='lat' dir='ltr'>Africa</span> 
     </span>
     <span class='ocr_line' id='line_1_35' title="bbox 910 4195 2408 4272; baseline -0.001 -12"><span class='ocrx_word' id='word_1_194' title='bbox 910 4218 1101 4260; x_wconf 86' lang='lat' dir='ltr'>suum</span> <span class='ocrx_word' id='word_1_195' title='bbox 1139 4195 1431 4259; x_wconf 85' lang='lat' dir='ltr'>habuere</span> <span class='ocrx_word' id='word_1_196' title='bbox 1466 4210 1761 4259; x_wconf 86' lang='lat' dir='ltr'>senatum</span> <span class='ocrx_word' id='word_1_197' title='bbox 1787 4241 1804 4272; x_wconf 96' lang='lat'>,</span> <span class='ocrx_word' id='word_1_198' title='bbox 1863 4197 1987 4260; x_wconf 87' lang='lat' dir='ltr'>etsi</span> <span class='ocrx_word' id='word_1_199' title='bbox 2021 4200 2263 4263; x_wconf 85' lang='lat' dir='ltr'>Caesar</span> <span class='ocrx_word' id='word_1_200' title='bbox 2299 4217 2408 4259; x_wconf 86' lang='lat' dir='ltr'>nr·-</span> 
     </span>
     <span class='ocr_line' id='line_1_36' title="bbox 905 4295 2409 4384; baseline 0.001 -25"><span class='ocrx_word' id='word_1_201' title='bbox 905 4298 1062 4360; x_wconf 84' lang='lat' dir='ltr'>bem</span> <span class='ocrx_word' id='word_1_202' title='bbox 1105 4310 1367 4376; x_wconf 77' lang='lat' dir='ltr'>senatus</span> <span class='ocrx_word' id='word_1_203' title='bbox 1415 4295 1638 4359; x_wconf 79' lang='lat' dir='ltr'>sedem</span> <span class='ocrx_word' id='word_1_204' title='bbox 1687 4298 1756 4358; x_wconf 88' lang='lat' dir='ltr'>in</span> <span class='ocrx_word' id='word_1_205' title='bbox 1793 4318 1907 4360; x_wconf 88' lang='lat' dir='ltr'>sua</span> <span class='ocrx_word' id='word_1_206' title='bbox 1936 4312 2262 4383; x_wconf 82' lang='lat' dir='ltr'>potestate</span> <span class='ocrx_word' id='word_1_207' title='bbox 2297 4298 2409 4384; x_wconf 70' lang='lat' dir='ltr'>ha·-</span> 
     </span>
     <span class='ocr_line' id='line_1_37' title="bbox 910 4397 2405 4481; baseline 0 -18"><span class='ocrx_word' id='word_1_208' title='bbox 910 4400 1141 4475; x_wconf 89' lang='lat' dir='ltr'>beret,</span> <span class='ocrx_word' id='word_1_209' title='bbox 1230 4397 1538 4481; x_wconf 84' lang='lat' dir='ltr'>idemque</span> <span class='ocrx_word' id='word_1_210' title='bbox 1603 4400 1812 4462; x_wconf 86' lang='lat' dir='ltr'>serius</span> <span class='ocrx_word' id='word_1_211' title='bbox 1871 4397 2113 4464; x_wconf 87' lang='lat' dir='ltr'>fecisse</span> <span class='ocrx_word' id='word_1_212' title='bbox 2170 4403 2405 4463; x_wconf 85' lang='lat' dir='ltr'>Postu·</span> 
     </span>
     <span class='ocr_line' id='line_1_38' title="bbox 907 4495 2403 4579; baseline 0.003 -17"><span class='ocrx_word' id='word_1_213' title='bbox 907 4522 1122 4577; x_wconf 88' lang='lat' dir='ltr'>mum,</span> <span class='ocrx_word' id='word_1_214' title='bbox 1181 4497 1252 4560; x_wconf 88' lang='lat' dir='ltr'>in</span> <span class='ocrx_word' id='word_1_215' title='bbox 1300 4495 1495 4579; x_wconf 82' lang='lat' dir='ltr'>hujus</span> <span class='ocrx_word' id='word_1_216' title='bbox 1544 4513 1806 4562; x_wconf 88' lang='lat' dir='ltr'>moneta</span> <span class='ocrx_word' id='word_1_217' title='bbox 1849 4500 2237 4567; x_wconf 78' lang='lat' dir='ltr'>videbimus.</span> <span class='ocrx_word' id='word_1_218' title='bbox 2295 4503 2403 4566; x_wconf 89' lang='lat' dir='ltr'>De</span> 
     </span>
     <span class='ocr_line' id='line_1_39' title="bbox 905 4598 2403 4686; baseline 0.003 -23"><span class='ocrx_word' id='word_1_219' title='bbox 905 4622 1107 4665; x_wconf 84' lang='lat' dir='ltr'>numo</span> <span class='ocrx_word' id='word_1_220' title='bbox 1139 4599 1270 4670; x_wconf 82' lang='lat' dir='ltr'>alio</span> <span class='ocrx_word' id='word_1_221' title='bbox 1305 4620 1454 4662; x_wconf 88' lang='lat' dir='ltr'>cum</span> <span class='ocrx_word' id='word_1_222' title='bbox 1511 4598 1711 4668; x_wconf 82' lang='lat' dir='ltr'>simili</span> <span class='ocrx_word' id='word_1_223' title='bbox 1756 4621 1984 4665; x_wconf 74' lang='lat' dir='ltr'>aversa</span> <span class='ocrx_word' id='word_1_224' title='bbox 2030 4616 2266 4686; x_wconf 85' lang='lat' dir='ltr'>agetur</span> <span class='ocrx_word' id='word_1_225' title='bbox 2306 4603 2403 4667; x_wconf 90' lang='lat' dir='ltr'>in·</span> 
     </span>
     <span class='ocr_line' id='line_1_40' title="bbox 908 4698 2197 4767; baseline 0 -2"><span class='ocrx_word' id='word_1_226' title='bbox 908 4702 1013 4765; x_wconf 67' lang='lat' dir='ltr'>{ra</span> <span class='ocrx_word' id='word_1_227' title='bbox 1046 4705 1116 4764; x_wconf 87' lang='lat' dir='ltr'>in</span> <span class='ocrx_word' id='word_1_228' title='bbox 1141 4700 1358 4763; x_wconf 79' lang='lat' dir='ltr'>numia</span> <span class='ocrx_word' id='word_1_229' title='bbox 1389 4698 1613 4763; x_wconf 81' lang='lat' dir='ltr'>Albini</span> <span class='ocrx_word' id='word_1_230' title='bbox 1639 4699 2197 4767; x_wconf 84' lang='lat' dir='ltr'>insolentioribus.</span> 
     </span>
    </p>
   </div>
   <div class='ocr_carea' id='block_1_14' title="bbox 2515 431 3075 516">
    <p class='ocr_par' dir='ltr' id='par_1_14' title="bbox 2515 431 3075 516">
     <span class='ocr_line' id='line_1_41' title="bbox 2515 431 3075 516; baseline 0.02 -12"><span class='ocrx_word' id='word_1_231' title='bbox 2515 431 2886 513; x_wconf 88' lang='lat' dir='ltr'><strong>ALBIN</strong></span> <span class='ocrx_word' id='word_1_232' title='bbox 2912 441 2976 516; x_wconf 88' lang='lat' dir='ltr'>V</span> <span class='ocrx_word' id='word_1_233' title='bbox 3003 442 3075 515; x_wconf 93' lang='lat' dir='ltr'>S.</span> 
     </span>
    </p>
   </div>
   <div class='ocr_carea' id='block_1_15' title="bbox 2539 599 4046 810">
    <p class='ocr_par' dir='ltr' id='par_1_15' title="bbox 2539 599 4046 810">
     <span class='ocr_line' id='line_1_42' title="bbox 2582 599 4046 718; baseline 0.008 -35"><span class='ocrx_word' id='word_1_234' title='bbox 2582 646 2592 655; x_wconf 93' lang='lat'>·</span> <span class='ocrx_word' id='word_1_235' title='bbox 2665 621 2936 708; x_wconf 82' lang='lat' dir='ltr'>Reliqui</span> <span class='ocrx_word' id='word_1_236' title='bbox 2968 624 3190 688; x_wconf 84' lang='lat' dir='ltr'>Albini</span> <span class='ocrx_word' id='word_1_237' title='bbox 3217 599 3512 711; x_wconf 71' lang='lat' dir='ltr'>¹Augusti</span> <span class='ocrx_word' id='word_1_238' title='bbox 3540 629 3720 692; x_wconf 88' lang='lat' dir='ltr'>numi</span> <span class='ocrx_word' id='word_1_239' title='bbox 3764 629 4046 718; x_wconf 82' lang='lat' dir='ltr'>inscrip-</span> 
     </span>
     <span class='ocr_line' id='line_1_43' title="bbox 2539 720 3785 810; baseline 0.01 -26"><span class='ocrx_word' id='word_1_240' title='bbox 2539 720 2787 800; x_wconf 82' lang='lat' dir='ltr'>tiones,</span> <span class='ocrx_word' id='word_1_241' title='bbox 2836 740 2903 789; x_wconf 92' lang='lat' dir='ltr'>et</span> <span class='ocrx_word' id='word_1_242' title='bbox 2941 739 3133 810; x_wconf 85' lang='lat' dir='ltr'>typos</span> <span class='ocrx_word' id='word_1_243' title='bbox 3169 727 3396 799; x_wconf 83' lang='lat' dir='ltr'>obvios</span> <span class='ocrx_word' id='word_1_244' title='bbox 3426 730 3785 797; x_wconf 84' lang='lat' dir='ltr'>continent.</span> 
     </span>
    </p>
   </div>
   <div class='ocr_carea' id='block_1_16' title="bbox 2959 955 3602 1032">
    <p class='ocr_par' dir='ltr' id='par_1_16' title="bbox 2959 955 3602 1032">
     <span class='ocr_line' id='line_1_44' title="bbox 2959 955 3602 1032; baseline 0.002 -21"><span class='ocrx_word' id='word_1_245' title='bbox 2959 955 3264 1013; x_wconf 71' lang='lat' dir='ltr'>Numen</span> <span class='ocrx_word' id='word_1_246' title='bbox 3322 972 3602 1032; x_wconf 68' lang='lat' dir='ltr'>eaque.</span> 
     </span>
    </p>
   </div>
   <div class='ocr_carea' id='block_1_17' title="bbox 2532 1135 4035 2035">
    <p class='ocr_par' dir='ltr' id='par_1_17' title="bbox 2821 1135 3361 1199">
     <span class='ocr_line' id='line_1_45' title="bbox 2821 1135 3361 1199; baseline 0.009 -5"><span class='ocrx_word' id='word_1_247' title='bbox 2821 1135 3063 1196; x_wconf 78' lang='lat' dir='ltr'>Antica</span> <span class='ocrx_word' id='word_1_248' title='bbox 3098 1139 3361 1199; x_wconf 67' lang='lat' dir='ltr'>facee-ta.</span> 
     </span>
    </p>

    <p class='ocr_par' dir='ltr' id='par_1_18' title="bbox 2532 1229 4033 1525">
     <span class='ocr_line' id='line_1_46' title="bbox 2534 1229 4033 1308; baseline 0.011 -17"><span class='ocrx_word' id='word_1_249' title='bbox 2534 1229 3087 1302; x_wconf 78' lang='lat' dir='ltr'><strong>FORTITVDO.</strong></span> <span class='ocrx_word' id='word_1_250' title='bbox 3152 1239 3352 1303; x_wconf 85' lang='lat' dir='ltr'><strong>AVG.</strong></span> <span class='ocrx_word' id='word_1_251' title='bbox 3405 1240 3783 1306; x_wconf 78' lang='lat' dir='ltr'><strong>INVIC&#39;I&#39;A.</strong></span> <span class='ocrx_word' id='word_1_252' title='bbox 3873 1247 4033 1308; x_wconf 81' lang='lat' dir='ltr'>Her-</span> 
     </span>
     <span class='ocr_line' id='line_1_47' title="bbox 2532 1335 4033 1407; baseline 0.01 -15"><span class='ocrx_word' id='word_1_253' title='bbox 2532 1335 2707 1394; x_wconf 82' lang='lat' dir='ltr'>cules</span> <span class='ocrx_word' id='word_1_254' title='bbox 2740 1346 2920 1398; x_wconf 81' lang='lat' dir='ltr'>stans</span> <span class='ocrx_word' id='word_1_255' title='bbox 2951 1348 3151 1401; x_wconf 77' lang='lat' dir='ltr'>tectus</span> <span class='ocrx_word' id='word_1_256' title='bbox 3184 1342 3388 1407; x_wconf 77' lang='lat' dir='ltr'>leonis</span> <span class='ocrx_word' id='word_1_257' title='bbox 3423 1345 3681 1403; x_wconf 73' lang='lat' dir='ltr'>exuviis</span> <span class='ocrx_word' id='word_1_258' title='bbox 3711 1347 3773 1403; x_wconf 86' lang='lat' dir='ltr'><strong>d.</strong></span> <span class='ocrx_word' id='word_1_259' title='bbox 3807 1347 4033 1407; x_wconf 77' lang='lat' dir='ltr'>clavae</span> 
     </span>
     <span class='ocr_line' id='line_1_48' title="bbox 2534 1437 4028 1525; baseline 0.007 -31"><span class='ocrx_word' id='word_1_260' title='bbox 2534 1437 2833 1512; x_wconf 74' lang='lat' dir='ltr'>innixus,</span> <span class='ocrx_word' id='word_1_261' title='bbox 2863 1460 2913 1499; x_wconf 82' lang='lat' dir='ltr'>a.</span> <span class='ocrx_word' id='word_1_262' title='bbox 2927 1460 3125 1517; x_wconf 81' lang='lat' dir='ltr'>poma</span> <span class='ocrx_word' id='word_1_263' title='bbox 3143 1444 3580 1521; x_wconf 72' lang='lat' dir='ltr'>Hesperidum</span> <span class='ocrx_word' id='word_1_264' title='bbox 3595 1444 4028 1525; x_wconf 77' lang='lat' dir='ltr'>Afl.(Vai11.)</span> 
     </span>
    </p>

    <p class='ocr_par' dir='ltr' id='par_1_19' title="bbox 2533 1539 4035 2035">
     <span class='ocr_line' id='line_1_49' title="bbox 2619 1539 4035 1630; baseline 0.007 -32"><span class='ocrx_word' id='word_1_265' title='bbox 2619 1539 2899 1600; x_wconf 88' lang='lat' dir='ltr'>Numum</span> <span class='ocrx_word' id='word_1_266' title='bbox 2939 1540 3112 1604; x_wconf 89' lang='lat' dir='ltr'>bunc</span> <span class='ocrx_word' id='word_1_267' title='bbox 3147 1541 3528 1644; x_wconf 81' lang='lat' dir='ltr'>describere</span> <span class='ocrx_word' id='word_1_268' title='bbox 3560 1543 3804 1623; x_wconf 85' lang='lat' dir='ltr'>placuit</span> <span class='ocrx_word' id='word_1_269' title='bbox 3835 1567 4035 1630; x_wconf 88' lang='lat' dir='ltr'>prop-</span> 
     </span>
     <span class='ocr_line' id='line_1_50' title="bbox 2539 1625 4029 1730; baseline 0.007 -31"><span class='ocrx_word' id='word_1_270' title='bbox 2539 1649 2644 1700; x_wconf 87' lang='lat' dir='ltr'>ter</span> <span class='ocrx_word' id='word_1_271' title='bbox 2691 1639 3094 1723; x_wconf 76' lang='lat' dir='ltr'>epigraphen</span> <span class='ocrx_word' id='word_1_272' title='bbox 3138 1625 3481 1708; x_wconf 82' lang='lat' dir='ltr'>insuetam.</span> <span class='ocrx_word' id='word_1_273' title='bbox 3568 1648 3740 1707; x_wconf 84' lang='lat' dir='ltr'>Eum</span> <span class='ocrx_word' id='word_1_274' title='bbox 3791 1668 4029 1730; x_wconf 78' lang='lat' dir='ltr'>vagum</span> 
     </span>
     <span class='ocr_line' id='line_1_51' title="bbox 2535 1741 4031 1831; baseline 0.007 -32"><span class='ocrx_word' id='word_1_275' title='bbox 2535 1761 2660 1804; x_wconf 85' lang='lat' dir='ltr'>una</span> <span class='ocrx_word' id='word_1_276' title='bbox 2692 1741 3026 1808; x_wconf 85' lang='lat' dir='ltr'>Vaillantii</span> <span class='ocrx_word' id='word_1_277' title='bbox 3073 1744 3328 1807; x_wconf 76' lang='lat' dir='ltr'>inentia</span> <span class='ocrx_word' id='word_1_278' title='bbox 3360 1746 3730 1822; x_wconf 79' lang='lat' dir='ltr'>constituit,</span> <span class='ocrx_word' id='word_1_279' title='bbox 3776 1750 3887 1831; x_wconf 86' lang='lat' dir='ltr'>qui</span> <span class='ocrx_word' id='word_1_280' title='bbox 3922 1770 4031 1810; x_wconf 83' lang='lat' dir='ltr'>an·</span> 
     </span>
     <span class='ocr_line' id='line_1_52' title="bbox 2536 1841 4028 1927; baseline 0.005 -24"><span class='ocrx_word' id='word_1_281' title='bbox 2536 1841 2727 1903; x_wconf 83' lang='lat' dir='ltr'>ticam</span> <span class='ocrx_word' id='word_1_282' title='bbox 2768 1841 3147 1905; x_wconf 72' lang='lat' dir='ltr'>describere</span> <span class='ocrx_word' id='word_1_283' title='bbox 3182 1846 3508 1927; x_wconf 81' lang='lat' dir='ltr'>neglexit,</span> <span class='ocrx_word' id='word_1_284' title='bbox 3553 1847 3809 1912; x_wconf 89' lang='lat' dir='ltr'>incerto</span> <span class='ocrx_word' id='word_1_285' title='bbox 3839 1848 4028 1925; x_wconf 82' lang='lat' dir='ltr'>adeo,</span> 
     </span>
     <span class='ocr_line' id='line_1_53' title="bbox 2533 1942 3763 2035; baseline 0.007 -31"><span class='ocrx_word' id='word_1_286' title='bbox 2533 1942 2701 2006; x_wconf 87' lang='lat' dir='ltr'>sitne</span> <span class='ocrx_word' id='word_1_287' title='bbox 2733 1942 2955 2006; x_wconf 87' lang='lat' dir='ltr'>Albini</span> <span class='ocrx_word' id='word_1_288' title='bbox 2990 1946 3322 2024; x_wconf 87' lang='lat' dir='ltr'>Caesaris,</span> <span class='ocrx_word' id='word_1_289' title='bbox 3367 1968 3446 2010; x_wconf 88' lang='lat' dir='ltr'>an</span> <span class='ocrx_word' id='word_1_290' title='bbox 3463 1948 3763 2035; x_wconf 81' lang='lat' dir='ltr'>Augusti.</span> 
     </span>
    </p>
   </div>
   <div class='ocr_carea' id='block_1_18' title="bbox 2769 2167 3741 2236">
    <p class='ocr_par' dir='ltr' id='par_1_20' title="bbox 2769 2167 3741 2236">
     <span class='ocr_line' id='line_1_54' title="bbox 2769 2167 3741 2236; baseline 0.009 -9"><span class='ocrx_word' id='word_1_291' title='bbox 2769 2167 2968 2228; x_wconf 77' lang='lat' dir='ltr'>Numi</span> <span class='ocrx_word' id='word_1_292' title='bbox 3008 2168 3238 2228; x_wconf 73' lang='lat' dir='ltr'>Albini</span> <span class='ocrx_word' id='word_1_293' title='bbox 3280 2170 3741 2236; x_wconf 61' lang='lat' dir='ltr'>Insolentiores.</span> 
     </span>
    </p>
   </div>
   <div class='ocr_carea' id='block_1_19' title="bbox 2527 2369 3724 2547">
    <p class='ocr_par' dir='ltr' id='par_1_21' title="bbox 2527 2369 3724 2547">
     <span class='ocr_line' id='line_1_55' title="bbox 2801 2369 3724 2466; baseline 0.01 -36"><span class='ocrx_word' id='word_1_294' title='bbox 2801 2369 2887 2431; x_wconf 89' lang='lat' dir='ltr'>D.</span> <span class='ocrx_word' id='word_1_295' title='bbox 2952 2369 3081 2431; x_wconf 79' lang='lat' dir='ltr'>ct..</span> <span class='ocrx_word' id='word_1_296' title='bbox 3130 2370 3376 2466; x_wconf 64' lang='lat' dir='ltr'><strong>SEPJP.</strong></span> <span class='ocrx_word' id='word_1_297' title='bbox 3436 2373 3724 2439; x_wconf 82' lang='lat' dir='ltr'><strong>ALBIN.</strong></span> 
     </span>
     <span class='ocr_line' id='line_1_56' title="bbox 2527 2468 3027 2547; baseline 0.004 -19"><span class='ocrx_word' id='word_1_298' title='bbox 2527 2468 2732 2547; x_wconf 77' lang='lat' dir='ltr'>Caput</span> <span class='ocrx_word' id='word_1_299' title='bbox 2768 2474 3027 2532; x_wconf 76' lang='lat' dir='ltr'>nudum.</span> 
     </span>
    </p>
   </div>
   <div class='ocr_carea' id='block_1_20' title="bbox 2518 2568 4020 3366">
    <p class='ocr_par' dir='ltr' id='par_1_22' title="bbox 2518 2568 4020 3366">
     <span class='ocr_line' id='line_1_57' title="bbox 2525 2568 4020 2661; baseline 0.009 -31"><span class='ocrx_word' id='word_1_300' title='bbox 2525 2569 2592 2630; x_wconf 91' lang='lat' dir='ltr'>S.</span> <span class='ocrx_word' id='word_1_301' title='bbox 2631 2570 2706 2633; x_wconf 90' lang='lat' dir='ltr'>P.</span> <span class='ocrx_word' id='word_1_302' title='bbox 2739 2568 2827 2661; x_wconf 85' lang='lat' dir='ltr'><strong>Q.</strong></span> <span class='ocrx_word' id='word_1_303' title='bbox 2859 2572 2937 2630; x_wconf 81' lang='lat' dir='ltr'><strong>R.</strong></span> <span class='ocrx_word' id='word_1_304' title='bbox 2974 2573 3050 2633; x_wconf 87' lang='lat' dir='ltr'>P.</span> <span class='ocrx_word' id='word_1_305' title='bbox 3087 2572 3162 2636; x_wconf 92' lang='lat' dir='ltr'>P.</span> <span class='ocrx_word' id='word_1_306' title='bbox 3215 2572 3357 2636; x_wconf 90' lang='lat' dir='ltr'>OB.</span> <span class='ocrx_word' id='word_1_307' title='bbox 3408 2574 3479 2638; x_wconf 89' lang='lat' dir='ltr'>C.</span> <span class='ocrx_word' id='word_1_308' title='bbox 3532 2577 3599 2639; x_wconf 90' lang='lat' dir='ltr'>S.</span> <span class='ocrx_word' id='word_1_309' title='bbox 3653 2579 3829 2639; x_wconf 69' lang='lat' dir='ltr'>imm</span> <span class='ocrx_word' id='word_1_310' title='bbox 3877 2582 4020 2645; x_wconf 76' lang='lat' dir='ltr'><em>Iau-</em></span> 
     </span>
     <span class='ocr_line' id='line_1_58' title="bbox 2520 2673 3888 2759; baseline 0.007 -27"><span class='ocrx_word' id='word_1_311' title='bbox 2520 2691 2717 2733; x_wconf 84' lang='lat' dir='ltr'>ream.</span> <span class='ocrx_word' id='word_1_312' title='bbox 2766 2673 2899 2733; x_wconf 80' lang='lat' dir='ltr'><strong>AR.</strong></span> <span class='ocrx_word' id='word_1_313' title='bbox 2990 2673 3188 2750; x_wconf 85' lang='lat' dir='ltr'>(Mus.</span> <span class='ocrx_word' id='word_1_314' title='bbox 3227 2675 3409 2736; x_wconf 86' lang='lat' dir='ltr'>Caes.</span> <span class='ocrx_word' id='word_1_315' title='bbox 3450 2675 3888 2759; x_wconf 83' lang='lat' dir='ltr'>Mediobarb.)</span> 
     </span>
     <span class='ocr_line' id='line_1_59' title="bbox 2803 2772 4015 2906; baseline 0.012 -73"><span class='ocrx_word' id='word_1_316' title='bbox 2803 2772 2889 2844; x_wconf 90' lang='lat' dir='ltr'><strong>D</strong></span> <span class='ocrx_word' id='word_1_317' title='bbox 2912 2774 3172 2836; x_wconf 83' lang='lat' dir='ltr'><strong>CLOD.</strong></span> <span class='ocrx_word' id='word_1_318' title='bbox 3206 2775 4015 2906; x_wconf 82' lang='lat' dir='ltr'><strong>SEPT.ALB1N.CAES.</strong></span> 
     </span>
     <span class='ocr_line' id='line_1_60' title="bbox 2804 2876 3316 2952; baseline 0.009 -19"><span class='ocrx_word' id='word_1_319' title='bbox 2804 2876 3011 2952; x_wconf 78' lang='lat' dir='ltr'>Caput</span> <span class='ocrx_word' id='word_1_320' title='bbox 3035 2881 3316 2940; x_wconf 78' lang='lat' dir='ltr'>nudum.</span> 
     </span>
     <span class='ocr_line' id='line_1_61' title="bbox 2518 2975 4008 3046; baseline 0.006 -11"><span class='ocrx_word' id='word_1_321' title='bbox 2518 2975 3566 3046; x_wconf 74' lang='lat' dir='ltr'><strong>P.M.&#39;1R.P.COS.11.Roma</strong></span> <span class='ocrx_word' id='word_1_322' title='bbox 3599 2983 3840 3044; x_wconf 79' lang='lat' dir='ltr'>sedens.</span> <span class='ocrx_word' id='word_1_323' title='bbox 3873 2981 4008 3044; x_wconf 71' lang='lat' dir='ltr'><strong>AR.</strong></span> 
     </span>
     <span class='ocr_line' id='line_1_62' title="bbox 2522 3075 3165 3157; baseline 0 -22"><span class='ocrx_word' id='word_1_324' title='bbox 2522 3075 3055 3157; x_wconf 79' lang='lat' dir='ltr'>(Mus.Farnes.)</span> <span class='ocrx_word' id='word_1_325' title='bbox 3153 3080 3165 3092; x_wconf 80' lang='grc'><strong>“</strong></span> 
     </span>
     <span class='ocr_line' id='line_1_63' title="bbox 2801 3177 4013 3251; baseline 0.01 -14"><span class='ocrx_word' id='word_1_326' title='bbox 2801 3177 2885 3238; x_wconf 89' lang='lat' dir='ltr'><strong>D.</strong></span> <span class='ocrx_word' id='word_1_327' title='bbox 2914 3178 3318 3244; x_wconf 86' lang='lat' dir='ltr'><strong>CLODIVS.</strong></span> <span class='ocrx_word' id='word_1_328' title='bbox 3347 3181 3674 3251; x_wconf 75' lang='lat' dir='ltr'>ALBINV</span> <span class='ocrx_word' id='word_1_329' title='bbox 3679 3183 3743 3244; x_wconf 92' lang='lat' dir='ltr'>S.</span> <span class='ocrx_word' id='word_1_330' title='bbox 3767 3184 4013 3249; x_wconf 83' lang='lat' dir='ltr'><strong>CAES.</strong></span> 
     </span>
     <span class='ocr_line' id='line_1_64' title="bbox 2518 3263 4016 3366; baseline 0.006 -26"><span class='ocrx_word' id='word_1_331' title='bbox 2518 3278 2588 3340; x_wconf 83' lang='lat' dir='ltr'><strong>P.</strong></span> <span class='ocrx_word' id='word_1_332' title='bbox 2625 3281 2714 3340; x_wconf 77' lang='lat' dir='ltr'><strong>M.</strong></span> <span class='ocrx_word' id='word_1_333' title='bbox 2751 3281 2899 3342; x_wconf 73' lang='grc' dir='ltr'><strong>ΤΒ.</strong></span> <span class='ocrx_word' id='word_1_334' title='bbox 2929 3281 3004 3341; x_wconf 84' lang='grc' dir='ltr'>Ρ.</span> <span class='ocrx_word' id='word_1_335' title='bbox 3062 3281 3145 3340; x_wconf 93' lang='lat'>11.</span> <span class='ocrx_word' id='word_1_336' title='bbox 3187 3281 3376 3345; x_wconf 87' lang='lat' dir='ltr'>cos.</span> <span class='ocrx_word' id='word_1_337' title='bbox 3415 3284 3499 3347; x_wconf 86' lang='lat'><strong>11.</strong></span> <span class='ocrx_word' id='word_1_338' title='bbox 3543 3288 3786 3366; x_wconf 58' lang='grc' dir='ltr'><strong>Πρω..</strong></span> <span class='ocrx_word' id='word_1_339' title='bbox 3833 3263 4016 3349; x_wconf 63' lang='lat' dir='ltr'>stim.</span> 
     </span>
    </p>
   </div>
   <div class='ocr_carea' id='block_1_21' title="bbox 2517 3383 4014 4177">
    <p class='ocr_par' dir='ltr' id='par_1_23' title="bbox 2517 3383 4014 4177">
     <span class='ocr_line' id='line_1_65' title="bbox 2517 3383 4013 3468; baseline 0.006 -27"><span class='ocrx_word' id='word_1_340' title='bbox 2517 3384 2579 3441; x_wconf 80' lang='lat' dir='ltr'><strong>d.</strong></span> <span class='ocrx_word' id='word_1_341' title='bbox 2624 3401 2871 3443; x_wconf 79' lang='lat' dir='ltr'>ramum</span> <span class='ocrx_word' id='word_1_342' title='bbox 2890 3424 2908 3454; x_wconf 94' lang='lat'>,</span> <span class='ocrx_word' id='word_1_343' title='bbox 2980 3401 3034 3448; x_wconf 73' lang='lat' dir='ltr'>s.</span> <span class='ocrx_word' id='word_1_344' title='bbox 3071 3383 3325 3445; x_wconf 76' lang='lat' dir='ltr'>hastam</span> <span class='ocrx_word' id='word_1_345' title='bbox 3366 3405 3509 3448; x_wconf 81' lang='lat' dir='ltr'>cum</span> <span class='ocrx_word' id='word_1_346' title='bbox 3548 3390 3788 3468; x_wconf 68' lang='lat' dir='ltr'>clypeo.</span> <span class='ocrx_word' id='word_1_347' title='bbox 3870 3391 4013 3452; x_wconf 78' lang='lat' dir='ltr'><strong>AR.</strong></span> 
     </span>
     <span class='ocr_line' id='line_1_66' title="bbox 2517 3479 2999 3563; baseline 0.004 -20"><span class='ocrx_word' id='word_1_348' title='bbox 2517 3479 2999 3563; x_wconf 80' lang='lat' dir='ltr'>(Mediobarb.)</span> 
     </span>
     <span class='ocr_line' id='line_1_67' title="bbox 2801 3569 4008 3661; baseline 0.005 -16"><span class='ocrx_word' id='word_1_349' title='bbox 2801 3569 2996 3646; x_wconf 62' lang='grc' dir='ltr'><strong>ΑΒ...</strong></span> <span class='ocrx_word' id='word_1_350' title='bbox 3027 3588 3263 3647; x_wconf 52' lang='lat' dir='ltr'>aemili.</span> <span class='ocrx_word' id='word_1_351' title='bbox 3279 3629 3299 3661; x_wconf 84' lang='lat'>,</span> <span class='ocrx_word' id='word_1_352' title='bbox 3360 3589 3479 3648; x_wconf 67' lang='lat' dir='ltr'>sed</span> <span class='ocrx_word' id='word_1_353' title='bbox 3500 3591 3642 3649; x_wconf 77' lang='grc' dir='ltr'><strong>ΑΕ.</strong></span> <span class='ocrx_word' id='word_1_354' title='bbox 3669 3589 3762 3651; x_wconf 83' lang='lat'>11.</span> <span class='ocrx_word' id='word_1_355' title='bbox 3794 3599 3859 3652; x_wconf 74' lang='lat' dir='ltr'>et</span> <span class='ocrx_word' id='word_1_356' title='bbox 3894 3595 4008 3651; x_wconf 72' lang='lat' dir='ltr'>aa-</span> 
     </span>
     <span class='ocr_line' id='line_1_68' title="bbox 2801 3687 3677 3769; baseline 0.002 -22"><span class='ocrx_word' id='word_1_357' title='bbox 2801 3690 2940 3748; x_wconf 77' lang='lat' dir='ltr'>dito</span> <span class='ocrx_word' id='word_1_358' title='bbox 2981 3687 3048 3749; x_wconf 88' lang='grc'><strong>8.</strong></span> <span class='ocrx_word' id='word_1_359' title='bbox 3081 3688 3154 3750; x_wconf 90' lang='lat' dir='ltr'>C.</span> <span class='ocrx_word' id='word_1_360' title='bbox 3200 3687 3677 3769; x_wconf 80' lang='lat' dir='ltr'>(Mediobarb.)</span> 
     </span>
     <span class='ocr_line' id='line_1_69' title="bbox 2645 3786 4006 3875; baseline 0.004 -26"><span class='ocrx_word' id='word_1_361' title='bbox 2645 3786 3011 3851; x_wconf 74' lang='lat' dir='ltr'>insolentes</span> <span class='ocrx_word' id='word_1_362' title='bbox 3047 3787 3170 3852; x_wconf 86' lang='lat' dir='ltr'>hos</span> <span class='ocrx_word' id='word_1_363' title='bbox 3205 3807 3443 3852; x_wconf 87' lang='lat' dir='ltr'>numos</span> <span class='ocrx_word' id='word_1_364' title='bbox 3463 3789 3613 3865; x_wconf 54' lang='lat' dir='ltr'>,dixi</span> <span class='ocrx_word' id='word_1_365' title='bbox 3637 3836 3654 3868; x_wconf 91' lang='lat'>‚</span> <span class='ocrx_word' id='word_1_366' title='bbox 3698 3792 4006 3875; x_wconf 80' lang='lat' dir='ltr'>qnoniam</span> 
     </span>
     <span class='ocr_line' id='line_1_70' title="bbox 2518 3888 4011 3977; baseline 0.003 -26"><span class='ocrx_word' id='word_1_367' title='bbox 2518 3888 2729 3953; x_wconf 85' lang='lat' dir='ltr'>antica</span> <span class='ocrx_word' id='word_1_368' title='bbox 2753 3889 3057 3953; x_wconf 75' lang='lat' dir='ltr'>Albinum</span> <span class='ocrx_word' id='word_1_369' title='bbox 3088 3890 3475 3973; x_wconf 87' lang='lat' dir='ltr'>simpliciter</span> <span class='ocrx_word' id='word_1_370' title='bbox 3494 3893 3839 3972; x_wconf 77' lang='lat' dir='ltr'>Caesarem</span> <span class='ocrx_word' id='word_1_371' title='bbox 3858 3914 4011 3977; x_wconf 79' lang='lat' dir='ltr'>pro·</span> 
     </span>
     <span class='ocr_line' id='line_1_71' title="bbox 2518 3988 4008 4065; baseline 0.002 -13"><span class='ocrx_word' id='word_1_372' title='bbox 2518 3988 2775 4065; x_wconf 77' lang='lat' dir='ltr'>fitetur,</span> <span class='ocrx_word' id='word_1_373' title='bbox 2834 4003 2902 4052; x_wconf 91' lang='lat' dir='ltr'>et</span> <span class='ocrx_word' id='word_1_374' title='bbox 2942 4011 3167 4054; x_wconf 83' lang='lat' dir='ltr'>aversa</span> <span class='ocrx_word' id='word_1_375' title='bbox 3197 4011 3329 4053; x_wconf 88' lang='lat' dir='ltr'>non</span> <span class='ocrx_word' id='word_1_376' title='bbox 3359 3992 3557 4055; x_wconf 88' lang='lat' dir='ltr'>modo</span> <span class='ocrx_word' id='word_1_377' title='bbox 3606 3993 3831 4057; x_wconf 88' lang='lat' dir='ltr'>titulos</span> <span class='ocrx_word' id='word_1_378' title='bbox 3876 3997 4008 4056; x_wconf 79' lang='lat' dir='ltr'>Au·</span> 
     </span>
     <span class='ocr_line' id='line_1_72' title="bbox 2522 4092 4014 4177; baseline 0.003 -23"><span class='ocrx_word' id='word_1_379' title='bbox 2522 4093 2729 4177; x_wconf 83' lang='lat' dir='ltr'>gustis</span> <span class='ocrx_word' id='word_1_380' title='bbox 2766 4092 2964 4155; x_wconf 86' lang='lat' dir='ltr'>tribui</span> <span class='ocrx_word' id='word_1_381' title='bbox 2999 4093 3265 4167; x_wconf 83' lang='lat' dir='ltr'>solitos,</span> <span class='ocrx_word' id='word_1_382' title='bbox 3309 4092 3429 4156; x_wconf 85' lang='lat' dir='ltr'>sed</span> <span class='ocrx_word' id='word_1_383' title='bbox 3473 4093 3668 4157; x_wconf 84' lang='lat' dir='ltr'>etiam</span> <span class='ocrx_word' id='word_1_384' title='bbox 3702 4095 3826 4158; x_wconf 87' lang='lat' dir='ltr'>hos</span> <span class='ocrx_word' id='word_1_385' title='bbox 3868 4095 4014 4177; x_wconf 87' lang='lat' dir='ltr'>ejus</span> 
     </span>
    </p>
   </div>
   <div class='ocr_carea' id='block_1_22' title="bbox 3775 2377 4017 2443">
    <p class='ocr_par' dir='ltr' id='par_1_24' title="bbox 3775 2377 4017 2443">
     <span class='ocr_line' id='line_1_73' title="bbox 3775 2377 4017 2443; baseline 0 -3"><span class='ocrx_word' id='word_1_386' title='bbox 3775 2377 4017 2443; x_wconf 86' lang='lat' dir='ltr'>CAES.</span> 
     </span>
    </p>
   </div>
   <div class='ocr_carea' id='block_1_23' title="bbox 2522 4192 4145 4282">
    <p class='ocr_par' dir='ltr' id='par_1_25' title="bbox 2522 4192 4145 4282">
     <span class='ocr_line' id='line_1_74' title="bbox 2522 4192 4145 4282; baseline 0.002 -26"><span class='ocrx_word' id='word_1_387' title='bbox 2522 4192 2815 4279; x_wconf 87' lang='lat' dir='ltr'>generis,</span> <span class='ocrx_word' id='word_1_388' title='bbox 2873 4192 3104 4278; x_wconf 82' lang='lat' dir='ltr'>quales</span> <span class='ocrx_word' id='word_1_389' title='bbox 3152 4193 3221 4255; x_wconf 89' lang='lat' dir='ltr'>in</span> <span class='ocrx_word' id='word_1_390' title='bbox 3269 4195 3484 4258; x_wconf 86' lang='lat' dir='ltr'>nnmis</span> <span class='ocrx_word' id='word_1_391' title='bbox 3530 4195 3754 4260; x_wconf 82' lang='lat' dir='ltr'>Albini</span> <span class='ocrx_word' id='word_1_392' title='bbox 3787 4198 4014 4282; x_wconf 80' lang='lat' dir='ltr'>Augu·</span> <span class='ocrx_word' id='word_1_393' title='bbox 4127 4201 4145 4214; x_wconf 77' lang='lat'><strong>&#39;</strong></span> 
     </span>
    </p>
   </div>
   <div class='ocr_carea' id='block_1_24' title="bbox 2517 4293 4012 4785">
    <p class='ocr_par' dir='ltr' id='par_1_26' title="bbox 2517 4293 4012 4785">
     <span class='ocr_line' id='line_1_75' title="bbox 2522 4293 4012 4380; baseline 0.003 -24"><span class='ocrx_word' id='word_1_394' title='bbox 2522 4294 2646 4373; x_wconf 89' lang='lat' dir='ltr'>sti,</span> <span class='ocrx_word' id='word_1_395' title='bbox 2727 4314 2892 4379; x_wconf 89' lang='lat' dir='ltr'>quos</span> <span class='ocrx_word' id='word_1_396' title='bbox 2949 4317 3146 4380; x_wconf 85' lang='lat' dir='ltr'>snpra</span> <span class='ocrx_word' id='word_1_397' title='bbox 3206 4293 3562 4380; x_wconf 82' lang='lat' dir='ltr'>descripsi,</span> <span class='ocrx_word' id='word_1_398' title='bbox 3593 4317 3757 4362; x_wconf 79' lang='lat' dir='ltr'>‚non</span> <span class='ocrx_word' id='word_1_399' title='bbox 3817 4316 4012 4380; x_wconf 86' lang='lat' dir='ltr'>repe·</span> 
     </span>
     <span class='ocr_line' id='line_1_76' title="bbox 2517 4385 4010 4473; baseline 0.001 -14"><span class='ocrx_word' id='word_1_400' title='bbox 2517 4385 2683 4471; x_wconf 83' lang='lat' dir='ltr'>rias,</span> <span class='ocrx_word' id='word_1_401' title='bbox 2741 4410 2812 4459; x_wconf 90' lang='lat' dir='ltr'>ut</span> <span class='ocrx_word' id='word_1_402' title='bbox 2860 4396 3074 4460; x_wconf 87' lang='lat' dir='ltr'>Patris</span> <span class='ocrx_word' id='word_1_403' title='bbox 3122 4397 3423 4473; x_wconf 87' lang='lat' dir='ltr'>Patriae,</span> <span class='ocrx_word' id='word_1_404' title='bbox 3483 4397 3824 4462; x_wconf 86' lang='lat' dir='ltr'>Pontificis</span> <span class='ocrx_word' id='word_1_405' title='bbox 3872 4401 4010 4461; x_wconf 77' lang='lat' dir='ltr'>Ma-</span> 
     </span>
     <span class='ocr_line' id='line_1_77' title="bbox 2519 4497 4008 4584; baseline 0.002 -22"><span class='ocrx_word' id='word_1_406' title='bbox 2519 4498 2715 4576; x_wconf 84' lang='lat' dir='ltr'>ximi,</span> <span class='ocrx_word' id='word_1_407' title='bbox 2808 4511 2876 4562; x_wconf 88' lang='lat' dir='ltr'>et</span> <span class='ocrx_word' id='word_1_408' title='bbox 2938 4497 3326 4562; x_wconf 85' lang='lat' dir='ltr'>tribuniciae</span> <span class='ocrx_word' id='word_1_409' title='bbox 3379 4502 3739 4584; x_wconf 87' lang='lat' dir='ltr'>potestatis.</span> <span class='ocrx_word' id='word_1_410' title='bbox 3844 4502 4008 4566; x_wconf 86' lang='lat' dir='ltr'>Cum</span> 
     </span>
     <span class='ocr_line' id='line_1_78' title="bbox 2518 4601 4009 4677; baseline -0.001 -12"><span class='ocrx_word' id='word_1_411' title='bbox 2518 4613 2812 4677; x_wconf 89' lang='lat' dir='ltr'>constet,</span> <span class='ocrx_word' id='word_1_412' title='bbox 2889 4620 3125 4663; x_wconf 90' lang='lat' dir='ltr'>numos</span> <span class='ocrx_word' id='word_1_413' title='bbox 3175 4601 3400 4665; x_wconf 83' lang='lat' dir='ltr'>Albini</span> <span class='ocrx_word' id='word_1_414' title='bbox 3452 4602 3665 4672; x_wconf 82' lang='lat' dir='ltr'>adhuc</span> <span class='ocrx_word' id='word_1_415' title='bbox 3710 4604 4009 4668; x_wconf 86' lang='lat' dir='ltr'>Caesaris</span> 
     </span>
     <span class='ocr_line' id='line_1_79' title="bbox 2518 4700 4010 4785; baseline -0.001 -18"><span class='ocrx_word' id='word_1_416' title='bbox 2518 4722 2664 4767; x_wconf 82' lang='lat' dir='ltr'>esse</span> <span class='ocrx_word' id='word_1_417' title='bbox 2722 4700 3010 4785; x_wconf 82' lang='lat' dir='ltr'>signatos</span> <span class='ocrx_word' id='word_1_418' title='bbox 3041 4705 3332 4782; x_wconf 83' lang='lat' dir='ltr'>Romae,</span> <span class='ocrx_word' id='word_1_419' title='bbox 3389 4704 3749 4772; x_wconf 79' lang='lat' dir='ltr'>verisimile</span> <span class='ocrx_word' id='word_1_420' title='bbox 3799 4705 4010 4775; x_wconf 79' lang='lat' dir='ltr'>videri</span> 
     </span>
    </p>
   </div>
  </div>
 </body>
</html>
