4475 5584
1142 501 1238 573 Μ
1312 517 1327 522 -
2188 482 2634 560 ANvas
2735 481 3138 580 vanam.

1238 669 1419 730 Inter
1452 666 1643 741 hunc,
1691 679 1756 730 et
1776 679 2157 753 sequentem
2175 688 2439 752 versum
2460 688 2603 733 cer·

1111 781 1177 832 ta
1225 781 1327 831 est
1360 768 1625 842 lacuna,
1687 787 1886 853 quae,
1950 769 2127 852 quod
2171 769 2256 832 ad
2278 771 2435 833 alias
2468 771 2602 833 Ho-

1110 887 1219 930 ras
1244 867 1550 952 pertinet,
1595 867 1938 951 absorpsit.
1983 869 2276 932 Easdem·
2298 885 2598 956 tanquam

1111 968 1382 1033 Cereris
1434 969 1710 1032 comites
1756 968 2007 1036 inducit
2044 972 2482 1036 Callimachus
2505 972 2598 1037 de

1112 1068 1236 1134 hac
1260 1067 1527 1155 frugum
1557 1070 1685 1156 dea
1715 1072 1808 1134 sic
1854 1091 2092 1135 canens
2125 1075 2224 1155 ⁸)z

1354 1233 1442 1310 ὥς
1466 1234 1609 1318 ἅμα
1637 1242 1896 1321 μςεγαλα
1931 1239 2073 1312 θεας
2096 1234 2476 1317 εὐςυεινασσα

1236 1332 1466 1401 Amo»
1490 1334 1637 1416 ἔαρ,
1668 1341 1869 1400 Muza»
1909 1335 1980 1400 δε
2005 1341 2223 1418 ὃεςος,
2278 1364 2379 1401 και
2410 1362 2607 1425 χειμει

2098 1451 2353 1519 peecata

1238 1536 1433 1620 Hgse,
1464 1562 1563 1601 και
1616 1537 2017 1622 φθινοπώρου,
2052 1536 2189 1616 ἔτος
2213 1537 2269 1602 δ’
2309 1539 2403 1617 ἔας
2440 1539 2604 1605 ἄλλο

2109 1643 2386 1722 φυλαξει.

1308 1747 1428 1807 Sic
1464 1747 1652 1809 nobis
1682 1765 1921 1826 maqna
1952 1749 2076 1808 dea
2108 1750 2239 1810 late
2285 1737 2605 1825 impertias

1236 1848 1591 1909 Candidum
1611 1866 1722 1908 ver
1738 1889 1756 1923 ,
1790 1850 2138 1909 candidam
2156 1857 2465 1911 aestatem
2482 1889 2500 1921 ,
2545 1855 2610 1910 et

2086 1953 2368 2029 hyemem
2384 1952 2607 2028 ferens

1242 2052 1505 2124 Veniet,
1550 2059 1615 2112 et
1638 2059 2010 2111 autumnum
2030 2093 2048 2125 ‚
2086 2055 2158 2112 'et
2172 2056 2316 2129 ejus
2336 2071 2609 2131 proem-

1308 2160 1444 2213 tum
1475 2153 1546 2212 in
1590 2153 1795 2213 allum
1826 2171 2067 2212 annum
2102 2154 2406 2218 servabit.

1237 2334 1605 2420 Eleganter
1654 2333 1893 2398 Graeci
1951 2349 2231 2419 quatuor
2284 2336 2400 2401 has
2454 2339 2608 2402 anni

1106 2438 1328 2513 vices,
1392 2434 1450 2498 si
1512 2436 1725 2498 laetae
1760 2436 2024 2510 ·fuere‚
2082 2458 2213 2499 uno
2281 2440 2606 2504 vocabulo

1099 2536 1409 2617 δυετηριας
1455 2556 1883 2621 expresserc,
1930 2551 1996 2601 et
2028 2538 2366 2608 felicitatis
2396 2542 2610 2628 publi-

1110 2660 1227 2707 cae
1265 2659 1411 2703 esse
1442 2637 1809 2721 symbolum
1846 2640 2217 2703 voluerunt.
2266 2643 2609 2738 Quaprop-

1112 2755 1219 2806 ter
1264 2756 1332 2805 et
1384 2742 1548 2804 dixit
1594 2739 1971 2818 Libaniuss
2020 2742 2407 2809 felicitatem
2470 2748 2612 2831 agri

1112 2842 1576 2909 Antiochensis
1654 2843 2124 2927 depraedicans
2172 2845 2276 2929 ¹’)=
2350 2844 2492 2927 ὕπερ
2537 2841 2610 2910 δε

1111 2966 1395 3021 ‹oravi-»15
1422 2968 1534 3020 της
1561 2940 1862 3026 ἦμηερας
1897 2969 2023 3031 «γης
2055 2942 2120 3010 oie
2154 2945 2338 3028 Ωραι
2369 2971 2611 3034 χορευυ-

1109 3067 1206 3110 cer
1241 3045 1556 3130 ἐμμελῶς,
1605 3050 1676 3108 in
1706 3050 1830 3108 tali
1860 3051 1978 3110 hoc
2009 3059 2224 3132 nostro
2277 3056 2415 3115 solo
2448 3058 2609 3117 anna·

1119 3160 1523 3221 tenmoetaoes
1553 3160 1855 3212 venustas
1869 3153 2111 3242 dsacqm
2123 3156 2405 3217 choreas.

1670 3345 1712 3386 O
1835 3302 1876 3342 *
1999 3348 2041 3389 O

1115 3408 1454 3468 commatis
1478 3408 1824 3485 pereyo-ini.

1236 3504 1435 3568 Numi
1466 3506 1662 3567 Annii
1698 3506 1861 3571 Veri
1897 3506 2090 3570 etiam
2133 3509 2327 3593 hujus
2377 3511 2603 3576 classis

1110 3606 1389 3690 perrari.
1431 3606 1647 3678 Vnum
1668 3606 1851 3670 urbis
1870 3607 2165 3673 incertae
2191 3612 2399 3676 edidit
2425 3614 2603 3684 Vail-

1108 3706 1385 3772 lantiusz
1430 3708 1660 3786 (Numi
1694 3710 1926 3776 Graec.
1956 3734 2020 3808 p.
2054 3712 2190 3793 62.)

1233 3804 1347 3873 M.
1380 3805 1887 3877 ATPHAloT.
1925 3811 2600 3881 ΑΝΤΩΝΕΙΝΟΤ.

1234 3904 1454 3976 ΤΙΟΙ.
1531 3909 1758 3992 Capila
1803 3920 2077 3979 adversa
2124 3919 2448 3981 Commodi
2462 3962 2479 3994 ,
2540 3930 2606 3982 et

1235 4015 1448 4074 Annii
1462 4014 1768 4092 fratrum.

1106 4105 1261 4212 ᾼΤ.
1296 4111 1541 4177 KAlc.
1570 4109 1920 4179 ATPHA.
1945 4114 2601 4189 ΑΝΤΩΝΕΙΝΟΟ.

1113 4217 1316 4295 Caput
1339 4218 1598 4281 Aurelii
1610 4224 1878 4285 ,nudmm
1956 4228 2096 4291 ΑΕ.
2139 4229 2218 4290 11.

1235 4319 1593 4407 Vtriusque
1631 4322 1823 4386 etiam
1870 4340 2064 4411 caput
2099 4329 2352 4395 sistitur
2385 4332 2452 4395 in
2485 4356 2605 4397 nu·

1002 4503 1007 4508 ὗ
1112 4420 1237 4484 mis
1251 4420 2052 4506 inscriptisKABlPssN.
2076 4425 2504 4511 ΟΤΡΙΩΝ.,
2539 4436 2608 4500 in

1112 4538 1396 4603 quorum
1429 4523 1634 4587 altera
1689 4541 1875 4610 parte
1916 4544 2066 4593 sunt
2111 4533 2322 4616 capita
2350 4537 2439 4596 M.
2476 4538 2610 4601 Au-

2715 670 2907 746 relii,
2954 681 3022 733 et
3058 670 3139 732 L.
3175 666 3339 737 Veri
3369 665 3660 730 laureata
3695 665 3997 745 barbata,
4047 679 4213 752 quos

2717 771 2876 833 olim
2949 770 3377 854 produximus
3454 768 3522 829 in
3582 782 3842 832 moneta
3917 769 4220 855 Tripolis

2714 872 3104 934 Phoenices.
3196 869 3330 936 sed
3394 870 3665 934 adverte
3727 871 3923 934 etiam
3976 872 4061 934 ad
4111 891 4212 949 ea,

2713 992 2883 1059 quae
2917 972 3000 1036 de
3030 972 3132 1035 his
3166 973 3382 1038 numia
3412 992 3568 1035 mox
3603 972 4122 1062 observabimus.

3275 1181 3317 1221 e
3443 1138 3482 1178 ‘
3607 1182 3649 1222 e
3755 1219 3766 1242 ,

2844 1239 3092 1303 Habuit
3113 1254 3330 1303 tamen
3378 1239 3627 1301 Annius
3649 1240 3866 1308 Verus
3902 1260 4060 1302 suos
4105 1262 4218 1325 pa·

2718 1353 2986 1416 tronos,
3032 1361 3310 1425 quorum
3352 1339 3812 1404 benevolentia
3862 1361 4022 1425 opes
4063 1363 4218 1405 suas

2719 1442 3114 1505 monetarias
3163 1442 3419 1504 auxisse
3464 1442 3753 1505 creditus
3802 1455 3918 1505 est.
3993 1443 4218 1507 Lubet

2720 1560 2830 1605 eas
2880 1541 2989 1605 hic
3040 1542 3420 1605 describere
3471 1542 3706 1605 additis
3739 1543 4218 1608 observationi-

2717 1644 2877 1718 bus,
2922 1641 3156 1727 quibus
3208 1644 3556 1705 Caesarum
3599 1644 3793 1725 hujus
3831 1641 3971 1709 aevi
4032 1648 4219 1711 numi

2717 1766 2852 1808 non
2885 1765 3155 1830 parum,
3198 1756 3270 1805 ut
3297 1762 3525 1828 spero,
3570 1742 3991 1827 juvabuntur.

2995 1893 3380 1961 OTHPOC.
3425 1896 3789 1962 KAI'CAP.
3846 1905 4054 1984 Caput
4098 1925 4222 1967 au-

3002 2002 3153 2060 dam
3188 2002 3607 2063 barbatulum.

2724 2095 3470 2162 ΑΜΑΟΤΡΙΑΝΩΝ.
3499 2105 3725 2180 Tripus
3743 2124 3886 2167 cum
3899 2116 4217 2186 serpente.

2721 2201 2861 2264 AE.
2891 2201 3035 2264 fere
3069 2202 3151 2263 11.
3199 2202 3544 2281 (Froelich
3582 2205 3943 2289 Appendic.
3973 2208 4099 2287 11.)

3005 2298 3325 2367 BHPOC.
3373 2308 3575 2386 Caput
3587 2309 3885 2383 juvenile
3908 2311 4180 2370 nudans.

2722 2402 3061 2469 ῘΟΝΩΝ.
3144 2408 3350 2485 Caput
3394 2408 3717 2469 muliebre.
3759 2408 3897 2469 ΑΕ.
3945 2409 4220 2491 (Haym.

2723 2512 2801 2570 Τ.
2845 2510 2925 2569 11.
2960 2527 3110 2591 pag.
3162 2505 3340 2587 288.)
3398 2506 3515 2568 sed
3567 2507 3959 2592 corrigenda
4014 2531 4224 2593 prava

2721 2627 2989 2672 aversae
3008 2606 3349 2692 inscriptio
3381 2607 3450 2669 in
3465 2602 3831 2671 ΡΟΔΙΩΝ
3849 2654 3868 2686 ,
3913 2624 3984 2672 ut
4013 2610 4220 2675 docet

2720 2709 2951 2773 similis
3006 2708 3219 2771 editus
3262 2709 3332 2770 in
3385 2728 3614 2775 museo
3659 2708 4028 2776 Christinae
4083 2712 4215 2777 tab.

2719 2813 2891 2875 LIX.
2926 2833 2989 2873 n.
3032 2809 3127 2875 16.

2846 2911 3264 2976 Froelichius
3306 2913 3375 2976 in
3420 2935 3690 2977 numum
3725 2914 4217 2998 ex-propositis

2716 3013 3002 3100 primum
3060 3027 3532 3079 commentatus
3590 3014 3874 3101 probare
3941 3030 4221 3081 conten·-

2718 3114 2852 3190 dit,
2920 3119 3149 3178 Verum
3180 3120 3512 3180 Caesarem
3541 3117 3609 3179 iu
3654 3137 3736 3179 eo
3773 3132 4220 3180 memoratum

2717 3236 2864 3280 esse
2900 3231 3029 3278 non
3068 3235 3263 3298 posse
3298 3230 3409 3280 aut
3437 3219 3790 3281 L.Aelium
3822 3216 3903 3279 ab
3932 3218 4220 3286 Hadria·

2715 3339 2804 3380 no
2833 3319 3206 3402 adoptatum
3225 3363 3242 3394 ‚
3288 3332 3398 3381 aut
3425 3321 3505 3384 L.
3534 3323 3782 3387 Verum
3811 3324 4216 3410 Augustum,

2717 3434 2829 3483 aut
2876 3423 2972 3482 M.
3020 3421 3400 3496 Aurelium,
3461 3422 3574 3507 qui
3635 3445 3863 3489 ornnes
3917 3428 4217 3511 quodam

2716 3534 3015 3606 tempore
3069 3525 3223 3585 Vera·
3275 3543 3519 3587 nomen
3566 3525 3803 3588 tulere.
3882 3528 4221 3593 Tribuen-

2716 3620 2872 3684 dum
2917 3644 3080 3708 ergo
3114 3639 3346 3706 quarto
3378 3624 3571 3710 hujus
3604 3629 3920 3706 nominis,
3965 3647 4222 3716 nempe

2714 3725 2930 3787 Annio
2986 3711 3210 3801 Ve‘ro,
3286 3725 3356 3788 in
3416 3745 3546 3811 quo
3614 3749 3874 3806 sumus,
3937 3730 4221 3796 adserit.

2719 3824 2916 3919 Quod
2950 3825 3032 3888 ad
3063 3827 3322 3911 priores
3356 3826 3520 3890 duos
3540 3830 3805 3907 attinet,
3850 3829 4057 3897 facile
4078 3856 4223 3898 om·-

2713 3945 2833 3989 nes
2879 3948 3027 3990 cum
3071 3928 3218 3991 viro
3276 3928 3535 3993 erudito
3599 3933 4041 4000 consentient.
4131 3938 4224 4001 At

2717 4050 2848 4091 non
2879 4049 3087 4114 acque
3124 4030 3451 4114 patienter
3498 4031 3828 4110 feremus,
3874 4039 3963 4098 M.
4003 4039 4222 4102 Aure·

2677 4183 2682 4188 .
2713 4132 2876 4194 lium
2907 4135 3167 4218 quoquc
3197 4130 3279 4195 ab
3307 4130 3455 4213 jure
3475 4177 3493 4210 ,
3535 4132 3711 4218 quod
3764 4134 3888 4197 sibi
3923 4136 3995 4198 iu
4024 4160 4224 4223 prae·

2718 4247 2970 4297 sentem
3018 4254 3286 4294 numum
3334 4248 3467 4307 est,
3514 4234 3799 4301 excludi.
3841 4237 4222 4305 Froelichii

2718 4346 3173 4418 argumentum
3205 4349 3336 4412 est,
3396 4338 3489 4398 M.
3515 4337 3855 4400 Aurelium
3879 4382 3897 4415 ,
3939 4358 4099 4403 cum
4132 4342 4221 4405 si·

2725 4438 2863 4499 mul
2901 4436 3140 4499 Caesar
3174 4437 3579 4515 declaratus,
3630 4453 3698 4500 et
3745 4438 3816 4499 in
3846 4440 4219 4520 Aureliam,

2724 4538 3203 4602 Antoninorum
3248 4539 3570 4604 familiam
3613 4539 3993 4624 adsumptus
4090 4558 4216 4621 est,

1107 4654 4207 4698 -—--———-——-———-——.---.-..---—-..---.-—

1224 4736 1286 4803 a)
1324 4732 1389 4791 in
1432 4735 1631 4792 Cen-cr.
1669 4756 1719 4795 v.
1760 4750 1880 4801 122.

2027 4739 2096 4814 b)
2138 4740 2203 4802 in
2239 4744 2613 4808 Antiochico.
