4475 5584
907 437 1007 508 M.
1115 435 1742 511 AVREL-lvs
1843 431 2591 511 ANTONINVS.
3320 438 3410 515 61

323 642 458 684 cum
492 620 703 685 Diana
721 617 1082 685 venatrice.
1126 618 1367 705 Pagius
1413 640 1811 687 commemo·
1939 683 1948 693 ,
2052 619 2290 702 Ingens
2322 615 2733 701 prodigium,
2791 630 2861 679 et
2893 614 3195 700 copiosis
3238 629 3418 695 vete-

328 734 454 783 rato
516 741 721 785 numo
790 721 1026 799 simili,
1113 723 1231 786 sed
1304 742 1454 786 cum
1516 726 1658 787 ΤΒ.
1729 723 1809 783 Ρ.
1923 739 2069 793 rum
2118 719 2512 781 testimoniis
2581 715 3026 794 celebratum,
3088 716 3245 780 dum
3285 721 3420 783 Ro·

328 824 653 899 xxvnl„
699 822 1131 907 inscriptione
1158 825 1452 889 RELIG.
1504 824 1707 892 AVG.
1747 835 1817 886 et
1923 840 2266 882 manorum
2316 820 2647 883 exercitus
2697 842 2734 882 a
2792 818 3039 915 Quadis
3089 819 3418 897 obsessus,

324 937 468 1007 typo
500 926 825 990 Mercurii
862 925 1087 989 adludi
1124 939 1309 1010 putat
1327 926 1410 989 sd
1442 924 1811 1001 mirabilem
1926 932 1994 982 et
2031 919 2141 983 siti
2176 920 2260 983 sd
2304 935 2598 984 extrema
2640 920 2959 984 deductus
3014 921 3152 983 leni
3199 922 3424 1006 pluvis

324 1026 493 1087 illam
545 1025 876 1109 pluviam,
925 1026 1008 1089 de
1055 1027 1390 1112 quamihi
1437 1026 1520 1103 ad
1570 1036 1809 1089 annum
1926 1036 2308 1100 recreatur,
2355 1022 2653 1084 hostibus
2681 1020 2935 1084 interea
2962 1022 3304 1105 procella,
3354 1035 3424 1087 et

328 1140 705 1211 sequentem
796 1148 1059 1204 serm03
1139 1128 1451 1191 nimirum
1531 1140 1812 1191 testante
1927 1124 2277 1186 fulminum
2308 1137 2568 1186 terrore
2597 1124 2958 1208 perculsis,
3007 1137 3073 1185 et
3108 1124 3422 1207 disjectis,

322 1228 656 1313 xiphilino
727 1247 811 1291 ex
867 1229 1086 1292 Dione
1135 1228 1193 1310 ⁸)
1219 1274 1237 1305 ,
1298 1234 1597 1293 Marcum
1646 1226 1814 1292 hano

325 1330 608 1413 pluviam
660 1331 1037 1407 Mercurio,
1094 1330 1283 1412 cujus
1338 1331 1549 1394 cultui
1598 1331 1816 1409 addic-

323 1445 417 1494 tus
476 1430 739 1509 fuerat,
809 1444 1145 1515 acceptam
1202 1430 1433 1494 tulisse
1493 1429 1587 1514 b).
1655 1434 1818 1501 Per-

302 1532 566 1617 peram.
611 1535 759 1595 Non
779 1532 953 1595 enim
978 1546 1199 1596 narrat
1224 1533 1618 1616 xiphilinus,
1648 1536 1821 1598 Mar-

328 1655 471 1697 cum
525 1648 637 1696 aut
668 1634 1007 1697 Mercurio
1054 1634 1416 1718 impensius
1459 1632 1664 1696 fuisse
1711 1626 1846 1696 de-'

332 1736 561 1812 ditum,
638 1750 751 1798 sut
804 1735 949 1818 ejus
984 1733 1311 1798 beneficio
1354 1756 1552 1822 aquas
1605 1736 1825 1800 coele·

325 1849 449 1899 stes
504 1836 897 1920 imputasse,
960 1836 1073 1900 sed
1128 1851 1349 1900 narrat
1377 1850 1659 1914 tantum,
1702 1835 1825 1899 Ar-

327 1938 573 2021 nuphin
649 1936 975 2023 quendam
1049 1959 1314 2022 magum
1402 1940 1823 2024 Aegyptium,

325 2037 429 2123 qui
474 2044 631 2101 cum
686 2043 912 2103 Marco
947 2053 1125 2115 erat,
1182 2041 1588 2103 Mercurium
1637 2060 1827 2125 prae-

326 2139 548 2202 sertim
606 2139 858 2202 aerium
899 2140 1343 2216 invocavim,
1388 2163 1464 2206 ac
1502 2161 1628 2226 per
1673 2162 1822 2205 eum

327 2240 615 2324 pluviam
651 2241 981 2306 elicuisse.
1043 2242 1302 2329 Deinde
1341 2244 1677 2307 Mercurio
1709 2242 1828 2305 ho-

325 2364 461 2404 rum
507 2356 863 2404 numerum
905 2342 1072 2404 nihil
1107 2363 1254 2406 esse
1301 2363 1648 2407 commune
1674 2328 1863 2407 cum⁸

326 2464 402 2507 eo
430 2444 703 2529 pluviae
742 2443 1086 2520 miraculo,
1137 2464 1217 2507 eo
1251 2458 1350 2508 est
1384 2446 1823 2523 manifestum,

328 2544 498 2630 quod
556 2545 725 2608 haec
777 2562 1005 2607 aversa
1061 2543 1130 2606 in
1178 2547 1394 2609 numis
1442 2547 1593 2608 anni
1638 2565 1827 2631 prae-

328 2647 528 2710 sentis
552 2658 807 2719 exstat,
841 2644 957 2709 ills
988 2659 1205 2709 autem
1234 2649 1457 2732 pluvia
1481 2668 1661 2711 'anno
1694 2648 1829 2732 pri·

327 2769 502 2809 mum
552 2758 875 2830 sequente
937 2745 1203 2811 cecidit.
1280 2750 1592 2813 Ceterum
1645 2749 1828 2812 numi

322 2861 710 2932 praesentes
807 2847 1029 2932 operis
1105 2862 1257 2912 sunt
1343 2851 1831 2936 perelegantis,

326 2948 529 3035 signis
588 2969 856 3035 quoque
904 2942 1203 3028 minutis,
1266 2973 1434 3036 quse
1478 2966 1631 3016 nota
1680 2968 1831 3016 sunt

327 3050 652 3114 Hereurii
741 3051 1085 3130 attributa,
1169 3053 1237 3114 in
1294 3053 1527 3137 templi
1574 3053 1833 3139 §episty-

322 3152 413 3214 lio
473 3151 688 3214 nitide
751 3154 1125 3238 expressis,
1181 3155 1299 3218 sed
1356 3174 1523 3241 quse
1580 3168 1831 3219 tantum

321 3253 387 3314 in
456 3253 683 3316 numis
743 3274 1016 3339 prorsus
1072 3254 1348 3340 integris
1404 3270 1681 3341 possunt
1737 3256 1833 3319 di-

330 3356 572 3419 scen-ni.

1077 3458 1116 3496 O

1241 3501 1280 3542 Ο

623 3564 871 3623 Eadem
898 3501 1190 3624 :dcet-sa.

331 3658 569 3723 VICT.
607 3661 882 3724 GERM.
917 3663 1094 3727 IMP.
1131 3665 1242 3732 VI.
1287 3662 1477 3730 COS.
1512 3666 1624 3730 III.
1662 3666 1729 3730 S.
1761 3669 1838 3731 C.

327 3766 506 3824 intra
544 3783 871 3825 coronam.
946 3763 1085 3825 ΑΕ.
1137 3766 1186 3826 1.
1231 3767 1315 3829 11.
1375 3768 1449 3827 In
1501 3767 1670 3843 alio,
1720 3768 1840 3831 sed

328 3863 470 3925 sine
532 3863 611 3926 S.
657 3865 731 3926 C.
805 3868 1095 3929 Victoria
1141 3871 1212 3928 in
1246 3871 1436 3931 lentis
1481 3875 1838 3954 quadrigis.

329 3966 468 4028 ΔΕ.
506 3985 681 4027 max.
720 3966 897 4030 mod.
935 3971 1136 4049 (Mus.
1167 3973 1261 4035 M.
1296 3972 1561 4054 Ducis.)

676 4174 749 4232 V.
800 4174 868 4233 C.
908 4180 1056 4248 927,
1102 4176 1173 4236 P.
1220 4180 1304 4239 X.
1354 4187 1492 4243 1⁷4.
1736 4241 1753 4251 ,

458 4281 595 4341 TR.
638 4281 708 4339 Ρ.
754 4282 1071 4345 XXVIII.
1121 4282 1298 4344 COS.
1343 4283 1471 4347 ΙΙΙ.
1517 4289 1587 4349 Ρ.
1635 4292 1725 4352 Μ.

834 4385 1016 4445 [MP.
1053 4386 1164 4446 VJ.
1196 4384 1346 4448 1²11.

545 4483 744 4549 Gallo
763 4526 782 4559 ,
824 4486 1063 4549 Flacco
1109 4488 1485 4552 Corneliano
1517 4510 1644 4553 cos.

456 4719 522 4789 .)
568 4715 635 4772 1..
674 4698 954 4793 Lxst
994 4727 1045 4782 s.

1194 4718 1264 4792 b)
1305 4720 1449 4780 Crit.
1487 4722 1700 4783 Baton.
1739 4722 1821 4783 sd.
1856 4742 1991 4782 sun.
2029 4722 2105 4783 V.
2147 4723 2215 4782 C.
2253 4729 2390 4796 9²7?

1931 1224 2116 1308 cujus
2187 1223 2346 1287 facti
2408 1226 2793 1289 memoriam
2861 1239 3204 1289 conservat
3269 1246 3429 1312 quo-

1932 1346 2060 1412 que
2096 1339 2360 1388 exstans
2387 1328 2638 1388 Romae
2689 1326 3004 1395 columna
3039 1327 3291 1391 cochlis
3336 1330 3427 1388 M.

1933 1427 2213 1490 Aurelii.
2274 1425 2350 1487 Id
2376 1424 2767 1489 beneficium
2803 1429 3159 1513 scriptores
3181 1429 3430 1493 ethnici

1934 1528 2437 1593 benevolentiae
2511 1538 2776 1591 suorum
2856 1529 3166 1607 deorum,
3244 1530 3434 1595 chri-

1937 1630 2127 1694 stiani
2199 1629 2509 1715 precibus
2575 1630 2859 1713 legionis
2932 1632 3283 1697 Melitenes
3348 1651 3434 1695 ex

1939 1732 2326 1796 Christianis
2360 1728 2717 1813 conflatae,
2766 1753 2842 1796 ac
2881 1746 3247 1817 propterea
3285 1737 3435 1798 Ful·

1937 1837 2300 1897 minatricis
2331 1831 2542 1917 dictae
2557 1847 2898 1919 acceptum
2913 1836 3150 1911 tulere,
3189 1834 3270 1897 de
3302 1854 3434 1921 quo

1938 1934 2092 1999 vide
2126 1934 2626 1997 Tillemontium
2663 1936 2968 2020 copiose,
3013 1950 3082 2000 et
3123 1935 3434 2001 adcurate

1940 2034 2400 2119 disputantem.
2459 2038 2794 2099 Patratum
2846 2036 3049 2102 fuisse
3104 2038 3319 2117 istud,
3363 2051 3438 2102 ut

1940 2138 2111 2201 fama
2163 2137 2357 2213 tulit,
2416 2137 2805 2202 miraculum
2855 2159 3024 2204 anno
3056 2153 3430 2224 praesente,

1942 2238 2140 2303 docet
2201 2238 2490 2324 primum
2559 2242 2886 2305 Eusebius
2955 2242 3022 2304 in
3079 2241 3432 2316 Chronica,

1943 2340 2181 2403 deinde
2216 2341 2627 2426 xiphilinus,
2672 2343 2784 2433 qui
2815 2363 2897 2406 ex
2930 2343 3149 2407 Dione
3204 2345 3436 2420 refert,

1939 2442 2284 2505 Aurelium
2335 2463 2418 2506 ex
2464 2443 2586 2506 hac
2653 2445 2933 2531 victoria
2987 2465 3116 2531 ope
3165 2445 3441 2511 coelesti

1939 2558 2127 2628 parta
2167 2543 2417 2607 dictum
2466 2549 2920 2627 imperatorem
2956 2551 3101 2611 VII.
3138 2548 3218 2629 ο).
3306 2548 3441 2610 Sed

1941 2658 2012 2710 et
2050 2645 2232 2711 numi
2262 2645 2437 2710 hunc
2473 2647 2736 2711 titulum
2768 2649 2897 2712 hoc
2947 2670 3115 2713 anno
3168 2669 3441 2713 renova·

1943 2761 2081 2811 tum
2119 2746 2381 2810 docent.
2424 2750 2700 2812 Romam
2737 2749 3097 2816 revertitur
3131 2752 3437 2814 Aurelius

1945 2861 2115 2912 teste
2152 2869 2380 2912 numo.

2231 2951 2326 3011 Μ.
2371 2952 2903 3020 ANTONI'NVS·
2942 2954 3145 3021 AVG.
3181 2956 3318 3018 TR.
3357 2957 3434 3022 Ρ.

2233 3052 2536 3115 XXVIII.
2585 3057 2787 3135 Caput
2819 3052 3200 3123 laureatum.

1928 3153 2445 3222 ‚ADVENTVsn
2493 3153 2692 3222 AVG.
2730 3158 2907 3221 ῙΜΡ.
2944 3160 3058 3226 VI.
3092 3159 3282 3224 COS.
3330 3162 3441 3224 III.

1948 3260 2304 3337 Imperator
2353 3260 2709 3334 paludatus
2769 3265 2834 3323 d.-
2877 3263 3130 3325 hastam
3146 3306 3165 3338 ,
3207 3285 3259 3323 s.
3319 3274 3446 3326 tro·

1942 3378 2181 3437 paeum
2211 3379 2401 3436 super
2436 3364 2692 3425 humero
2743 3383 2962 3425 arcum
3008 3367 3447 3444 triumphalem

1951 3467 2189 3537 intrat,
2224 3467 2619 3542 praecedunt
2645 3469 2773 3527 duo
2824 3469 3159 3529 vezillarin·
3176 3510 3194 3541 ,
3213 3502 3218 3509 ·
3240 3471 3452 3569 sequi-

1953 3576 2056 3628 tur
2093 3568 2380 3629 Victoria
2416 3568 2856 3647 imperatorem
2890 3588 3207 3631 coronans
3221 3613 3241 3649 ‚
3278 3590 3450 3649 pone

1955 3672 2287 3749 templum,
2331 3678 2398 3731 et
2423 3688 2565 3732 ara.
2626 3669 2761 3729 ΔΕ.
2806 3689 2972 3731 max.
3030 3668 3206 3732 mod.
3249 3672 3449 3749 (Mus.

1957 3771 2039 3833 de
2082 3770 2373 3853 Camps.)

2086 3873 2354 3934 Certum
2385 3870 2494 3933 hic
2522 3891 2758 3932 numus
2790 3870 3230 3933 testimonium
3265 3891 3454 3955 prse-

1956 3977 2091 4051 bet,
2134 3964 2478 4036 Aurelium
2498 3970 2628 4036 hoc
2664 3994 2832 4036 anno
2865 3974 2936 4034 in
2968 3973 3201 4035 urbem
3229 3993 3454 4037 rever-

1954 4100 2136 4162 sum,
2207 4072 2383 4162 quod
2440 4075 2724 4138 reticent
2773 4073 3091 4138 historici.
3169 4070 3452 4143 Videtur

1958 4195 2177 4245 tamen
2237 4176 2464 4264 paullo
2530 4190 2678 4261 post
2720 4175 2849 4237 iter
2899 4176 2966 4238 in
3027 4175 3446 4241 Germaniam

1959 4284 2302 4385 relegisse.

2522 4426 2560 4464 a}
2687 4382 2723 4420 *
2852 4428 2890 4465 ὓ

2245 4491 2491 4551 Eadem
2527 4491 2821 4552 adversa.

2532 4726 2594 4795 e)
2631 4722 2696 4778 L.
2734 4721 2942 4782 Lxxl.
2983 4725 3013 4797 ς
3055 4738 3141 4785 10.
