4475 5584
1047 431 1138 495 83
1539 469 1549 478 .
1915 401 1999 480 L.
2099 396 2718 473 AVRELIVS
2817 397 3232 492 VERVS.

1047 593 1281 659 eodem
1348 602 1645 672 tempore
1699 583 2027 647 Antonino
2074 606 2200 648 una
2246 592 2394 648 etim
2443 588 2537 650 M.

2657 586 2907 666 Martyr
2956 604 3236 648 coaevus
3274 582 3454 650 Vero
3504 581 3627 648 hos
3671 582 3894 648 titulos
3947 583 4140 667 largi-

1051 692 1325 759 Aurelio
1357 687 1760 774 adoptandus
1794 685 2067 749 traditus
2103 699 2203 747 est
2234 687 2313 764 ⁸).
2381 686 2542 748 Fac-
2658 699 2799 750 tur:
2844 683 3062 766 Λεκιῳ
3093 689 3408 766 memo-opp
3437 683 3752 761 Καισαρος
3796 695 3970 761 Quo-se
3992 682 4133 765 υἰῳ,

1052 809 1189 860 tum
1243 791 1419 855 istud
1474 792 1553 860 V.
1590 792 1662 853 C.
1700 788 1815 871 891
1866 786 1974 850 die
2010 788 2214 854 XXV.
2259 784 2546 872 Februa·

2654 809 2752 846 naa
2798 786 3064 859 Ευσεβες
3096 784 3454 866 ἐισποιητῳ,
3514 789 3713 848 Lucio
3763 790 4136 866 Philosopko

1049 897 1158 959 rii.
1215 897 1400 957 Haec
1449 904 1514 954 et
1552 894 1645 954 Μ.
1670 888 1957 963 Aurelii,
2001 901 2068 951 et
2119 889 2197 949 L.
2225 886 2388 953 Veri
2421 906 2545 970 per
2660 891 2952 950 Caesaris
3006 891 3116 967 (L.
3156 888 3361 966 Aelii)
3420 897 3660 948 natura
3699 889 3880 967 filio,
3940 900 4008 952 et
4034 892 4141 951 Pio·

1050 995 1448 1072 Antoninum
1503 992 1673 1055 facta
1738 991 2001 1074 adoptio
2060 989 2183 1051 etsi
2234 987 2534 1071 pluribus

1053 1096 1220 1160 locis
1266 1118 1303 1158 a
1339 1092 1681 1177 Spartiano
1712 1087 1776 1173 b)
1809 1105 1875 1154 et
1915 1089 2284 1172 Capitolino
2318 1091 2375 1169 c)
2425 1086 2536 1150 ad·

1049 1210 1339 1271 seratur,
1397 1192 1598 1255 iidem
1646 1205 1862 1253 tamen
1931 1211 2161 1275 parum
2205 1190 2328 1251 sibi
2383 1210 2538 1252 con·

1049 1311 1291 1362 stantes
1339 1293 1494 1357 alibi
1524 1292 1894 1374 adoptatum
1943 1291 2023 1354 ab
2049 1292 2378 1354 Antonino
2405 1294 2538 1353 Au-

1044 1401 1323 1472 reliam,
1385 1392 1465 1456 ab
1518 1393 1647 1454 hoc
1679 1394 1928 1460 Verum
1976 1407 2202 1476 aperte
2254 1411 2537 1476 pronun·

1052 1500 1256 1574 ciant,
1304 1497 1398 1559 sic
1447 1509 1515 1558 ut
1536 1496 1753 1562 Verus
1790 1493 2041 1555 Aurelii
2072 1513 2195 1576 per
2244 1491 2540 1575 adoptio·

1047 1622 1201 1664 nem
1227 1598 1401 1661 filius
1438 1610 1612 1659 esset
1639 1591 1998 1669 habendus,
2041 1615 2173 1655 non
2204 1592 2411 1654 frater
2444 1591 2534 1672 d),

1052 1717 1121 1767 et
1149 1716 1366 1764 tamen
1399 1718 1522 1782 per
1555 1698 1759 1779 ipsam
1792 1695 2155 1756 orationem
2208 1693 2535 1755 dictorum

1051 1804 1472 1866 immemores
1488 1799 1727 1860 fratres
1769 1814 1886 1857 eos
1907 1807 2283 1857 constanter
2317 1794 2540 1878 appel-

1051 1906 1211 1968 lant.
1268 1901 1641 1980 Enimvero,
1678 1915 2090 1961 communem
2141 1893 2367 1959 ambos
2416 1916 2540 1980 per

1051 2003 1470 2094 adoptionem
1506 1999 1809 2061 habuisse
1847 2012 2099 2082 patrem
2115 1997 2535 2072 Antoninum,

1053 2118 1122 2167 et
1173 2103 1295 2166 hac
1348 2103 1508 2185 lege
1556 2099 1759 2161 fuisse
1815 2098 2094 2173 fratres,
2152 2111 2417 2180 praeter
2460 2119 2536 2161 ea

1053 2217 1477 2287 argumenta,
1538 2199 1772 2283 quibus
1815 2200 1898 2262 ad
1945 2196 2309 2286 tollendum
2363 2198 2536 2261 hunc

1059 2305 1424 2368 dissensum
1462 2301 1668 2370 utitur
1697 2299 2161 2362 Tillemontius
2184 2344 2202 2376 ‚
2268 2298 2538 2361 manife-

1052 2420 1154 2468 sto
1184 2405 1503 2489 probatur
1534 2422 1614 2465 ex
1650 2420 1976 2463 marmore
2031 2420 2315 2474 coaevo,
2359 2400 2538 2484 quod

1051 2506 1256 2570 edidit
1301 2503 1754 2582 Gruterus—‚eh
1816 2502 1995 2564 ῙΜΡ.
2035 2500 2278 2564 CAES.
2323 2500 2533 2569 DIVI.

1046 2605 1501 2673 ANTONtNt.
1558 2603 1640 2664 F.
1704 2602 1912 2667 mvl.
1966 2602 2234 2669 LVD11.
2281 2602 2539 2684 (legen-

1048 2708 1201 2772 dum
1231 2709 1307 2769 L.
1322 2706 1590 2782 VERI.)
1625 2704 1944 2765 PAR'I'H.
1964 2706 2310 2767 MAxffll.
2335 2706 2539 2767 FRA-

1049 2810 1227 2872 TRI.
1256 2820 1383 2871 etc.
1442 2808 1678 2869 Frater
1700 2806 1893 2868 etiam
1930 2807 2297 2890 appellatur
2319 2807 2535 2872 Verus

1049 2910 1116 2973 in
1153 2927 1480 2971 marmore
1500 2906 1848 2970 Mun-atorii
1887 2901 1961 2986 ¹).
2019 2908 2091 2967 In
2122 2906 2364 2991 insigni
2402 2903 2533 2970 alio

1046 2995 1373 3075 inarmore
1409 3010 1800 3072 Gruteriano
1832 3008 1893 3088 8)
1958 3009 2172 3074 Verus
2196 3050 2212 3083 ,
2257 3009 2535 3092 perinde

1052 3131 1128 3174 ac
1175 3110 1241 3170 in
1278 3110 1422 3172 aliis
1453 3110 1809 3183 Aurelius,
1865 3106 2106 3171 dicitur
2137 3113 2218 3173 D.
2258 3114 2536 3172 Ant-Pis·

1034 3213 1232 3293 filius,
1273 3213 1355 3274 D.
1376 3214 1704 3273 Hadriani
1739 3229 1934 3292 nepos
1969 3220 2085 3272 etc.
2143 3210 2213 3275 S.
2248 3211 2534 3310 Iustinus

2649 989 3018 1071 (Antonini)
3057 993 3360 1069 adoptn‘vo
3390 983 3478 1067 ιι).
3542 986 3613 1048 si
3641 985 3984 1071 adoptivus
4011 991 4136 1051 An·

2647 1089 2972 1151 toniniPii
2993 1136 3011 1167 ,
3057 1111 3221 1173 ergo
3250 1088 3443 1170 hujus
3477 1085 3688 1163 filius,
3731 1102 3800 1150 et
3832 1087 3997 1154 adeo
4011 1091 4141 1153 Au·

2647 1191 2799 1252 relii
2855 1190 3079 1254 frater.
3123 1191 3425 1272 Denique
3469 1188 3918 1272 jurisconsulti
3964 1207 4138 1257 vete-

2645 1309 2756 1352 res
2817 1273 3196 1376 aliquoties⁸
3242 1290 3456 1352 edicta
3507 1295 3799 1360 divorum
3855 1295 4160 1374 fratrum„

2650 1406 3048 1468 memorant,
3110 1393 3293 1456 velut
3345 1392 3699 1476 leianus,
3777 1394 4009 1480 (Digg.
4062 1398 4139 1462 1..

2649 1493 2884 1560 XXVI.
2951 1493 3050 1555 tit.
3104 1493 3403 1572 2.1.iq.
3452 1494 3503 1567 §-
3554 1496 3638 1570 ι.)
3695 1515 3826 1577 quo
3873 1496 4158 1560 nomine‘

2651 1607 2901 1656 certum
2966 1608 3067 1657 est
3112 1592 3193 1654 ab
3243 1592 3324 1654 iis
3370 1595 3613 1680 respici
3656 1600 3741 1659 Μ..
3773 1595 4140 1674 Aurelium,

2652 1707 2719 1757 et.
2758 1697 2836 1756 L.
2869 1696 3139 1760 Verum.

2762 1796 3158 1857 Tianslatus
3221 1815 3384 1881 ergo
3440 1797 3508 1859 in
3560 1797 3873 1862 familiam
3934 1799 4142 1864 Anto&

2649 1896 2786 1957 nini
2835 1908 2973 1957 toto
3035 1910 3365 1980 tempore,
3454 1918 3585 1982 quo
3634 1899 3746 1963 hic
3786 1901 4144 1985 imperium

2650 1997 2896 2072 tenuit,
2970 1996 3036 2056 in
3088 1999 3326 2080 privati
3382 1999 3648 2062 modum
3694 2001 3888 2078 vixit,
3951 2004 4139 2065 nullo

2652 2100 2946 2159 caesaris
2983 2109 3091 2159 aut
3127 2098 3359 2176 titulo,
3405 2114 3516 2163 aut
3564 2101 3819 2168 honore
3865 2116 4144 2188 propter

2650 2210 2874 2281 aperta
2921 2196 3120 2259 vitae·
3150 2197 3619 2265 immoderatae
3663 2203 3936 2282 indicia,
4006 2220 4147 2269 tan·

2650 2311 2809 2359 tum*
2847 2296 3023 2383 quod
3086 2302 3363 2379 Auqusts‘
3412 2305 3591 2383 filius
3650 2304 4008 2369 vocabatur
4066 2306 4138 2385 i).

2650 2399 2733 2466 V.
2767 2401 2837 2462 C.
2886 2400 3009 2483 906
3075 2416 3487 2484 quaesturam
3550 2403 3794 2481 obivit,
3856 2420 3925 2469 et
3985 2427 4141 2469 mox

2651 2521 2819 2562 anno
2853 2515 3167 2586 sequente
3194 2523 3317 2585 9⁰7
3352 2505 3761 2568 consulatum
3791 2504 3883 2587 ¹¹).
3929 2508 4142 2571 Inter-

2648 2599 2838 2683 jectis
2898 2604 3079 2665 annis
3123 2603 3265 2670 VII.
3330 2603 3474 2689 ipso
3526 2627 3694 2669 anno
3727 2609 4144 2675 Varroniano

2652 2711 2812 2785 9¹4·
2876 2725 3007 2789 quo
3056 2704 3230 2790 diem
3282 2704 3488 2770 obivit
3538 2708 3941 2787 Antoninus,
3989 2732 4144 2774 cum

2649 2802 2855 2866 fratre
2888 2803 3162 2868 Aurelio
3197 2809 3519 2891 processit
3539 2810 3769 2872 consul
3803 2812 3882 2872 11.
3904 2810 4148 2875 confir·

2650 2921 2869 2974 inante
2942 2908 3116 2971 istud
3201 2930 3528 2972 marmore
3616 2908 4017 2975 Gruteriano
4067 2908 4142 2995 ¹),

2649 3007 2828 3092 quod
2873 3012 3177 3093 quoniam
3231 3011 3391 3077 Veri
3446 3012 3668 3076 titulos
3723 3032 3800 3076 ac
3870 3017 4143 3076 nomina

2647 3124 2984 3192 postremo
3045 3125 3346 3196 tempore
3401 3112 3546 3195 ejus
3598 3114 3770 3179 vitae
3838 3114 4140 3199 privatae

2650 3211 2981 3290 continet,
3024 3212 3132 3276 hic
3166 3234 3457 3299 appono·

1327 3391 2530 3475 M.AEL10.AVREL10.VERO.
2579 3409 3002 3475 CAESARE
3050 3412 3162 3474 111
3197 3410 3389 3477 cos.

1323 3510 1401 3570 L
1450 3507 1743 3569 Ammo.
1787 3507 2203 3573 Avnssmo.
2251 3507 2731 3575 commone.
2778 3515 2860 3577 11

1321 3611 1400 3671 Ρ.
1443 3612 1526 3672 R.
1571 3610 1646 3671 C.
1691 3609 1894 3672 ANN.
1936 3607 2401 3677 Decccxm.
2441 3631 2677 3697 nempe
2713 3636 2749 3678 a
2781 3614 3107 3678 Parililms
3139 3610 3290 3676 anni
3318 3611 3697 3698 superioris.

1392 3809 1467 3869 r.
1504 3808 1568 3873 c,
1609 3791 1756 3874 912.
1801 3812 1876 3874 P.
1921 3810 2004 3871 Χ.
2054 3816 2196 3875 ισι.

1191 3910 1549 3972 CAESAR
1592 3911 1778 3972 AVG
1790 3912 2092 3973 VSTVS.
2143 3913 2267 3976 w.
2312 3895 2390 3978 P.

1632 4013 1809 4074 COS.
1855 4014 1946 4074 ΙΙ.

1165 4089 1488 4175 Kalendis
1566 4113 1880 4177 Ianuariis
1960 4114 2171 4178 adhuc
2238 4115 2531 4201 privatus

1044 4214 1273 4282 consul
1305 4215 1544 4277 iterum
1563 4215 1863 4299 procedit
1883 4215 2140 4302 collega
2157 4217 2362 4280 fratre
2380 4239 2532 4282 con·

1151 4405 1231 4475 a)‘
1255 4401 1550 4479 spartian.
1578 4402 1641 4460 in
1668 4403 1838 4463 Aelio
1873 4425 1919 4464 c.
1953 4420 2006 4473 7.

1044 4584 1112 4660 g)
1152 4583 1288 4659 Pag.
1319 4590 1446 4644 258.
1486 4591 1542 4643 2.

1043 4672 1091 4746 l)
1127 4674 1264 4749 Peg.
1296 4683 1427 4741 300.
1451 4683 1519 4736 ,1.

1738 4581 1809 4659 h)
1846 4585 2101 4664 Apolog.
2127 4586 2172 4646 1.
2201 4586 2390 4646 initio.
2421 4615 2426 4620 ’

2179 4404 2249 4481 b)
2288 4407 2351 4465 in
2381 4408 2552 4466 Aelio
2581 4430 2627 4467 c.
2658 4422 2711 4470 2.

1043 4495 1107 4554 in
1133 4490 1305 4550 Aelio
1333 4501 1469 4556 css.
1511 4492 1837 4570 Capitolin.
1876 4495 1940 4552 in
1975 4496 2180 4558 Aurel.
2215 4516 2266 4554 c.
2296 4507 2348 4560 5.
2382 4498 2527 4557 etin
2558 4500 2717 4559 Vero
2750 4508 2874 4560 cd.

2592 4589 2642 4664 i)
2680 4588 2998 4669 capitolin.
3040 4589 3102 4648 in
3131 4588 3294 4654 Vero
3328 4611 3378 4649 c.
3414 4601 3470 4658 3.

2646 3814 2789 3876 sule
2818 3815 2930 3875 111.
2966 3816 3233 3875 Mortuo
3270 3810 3536 3874 circiter
3572 3810 3742 3875 diem
3779 3815 3924 3881 Vn.
3963 3818 4147 3878 Mar-

2645 3915 2722 3976 tii
2749 3914 3078 3978 Antonino
3098 3913 3261 3988 Pio,
3295 3911 3518 3974 fratris
3550 3912 3874 3980 beneficio
3909 3917 4144 3981 conle-

2648 4038 2728 4101 ga
2760 4017 3021 4102 imperii
3056 4011 3478 4090 adsciscitur,
3511 4014 3768 4080 collatis
3804 4037 3936 4080 uno
3967 4032 4146 4082 tem·

2645 4139 2812 4203 pore
2877 4121 3202 4193 Caesar-1⁰⁸,
3268 4130 3336 4179 et
3394 4120 3676 4198 Auqnsti
3703 4118 3948 4195 titulis,
3992 4133 4148 4183 tum

2648 4217 2802 4284 t'rib.
2864 4233 3229 4305 potestate,
3294 4230 3364 4283 et
3400 4220 3906 4303 proconsulatu,
3972 4220 4144 4284 item

2893 4413 2954 4483 c)
2987 4409 3049 4466 in
3077 4410 3379 4469 Antonino
3411 4431 3460 4470 c.
3487 4419 3541 4475 4.

3033 4502 3093 4574 e)
3127 4502 3262 4579 Pag-
3290 4513 3383 4576 29.
3414 4512 3500 4567 13.

3675 4491 3676 4494 Ἴ
3721 4409 3791 4482 d)
3831 4410 4142 4488 spartian.

3648 4500 3702 4573 s)
3729 4500 3866 4579 Peg.
3887 4513 4047 4562 1121.
4073 4516 4137 4568 7.

3688 4590 3760 4664 k)
3799 4587 3955 4650 1bid.
3991 4588 4033 4649 l.
4079 4610 4138 4651 c.
