4475 5584
1538 459 2220 585 MAXIMJNVS
2296 461 2354 540 Ι.

588 719 595 726 .
638 651 707 702 ca
741 643 1013 705 adversa
1032 686 1050 718 ‚
1098 645 1450 707 Maximae·
1467 627 1845 724 laurectum,

632 741 920 804 Maoet‘mae‘
953 748 1211 807 nudum.

358 844 439 908 P.
464 844 567 904 M..
594 846 735 906 TR.
763 847 843 909 P.
888 847 1032 910 1111.
1080 844 1274 910 COS.
1316 847 1389 908 P.
1430 848 1509 911 P.
1551 851 1859 911 Maxime·-

358 967 480 1009 ms
510 950 861 1016 paludatae
894 952 1065 1011 inter
1095 952 1301 1030 siqua
1327 952 1647 1012 militaria
1677 961 1858 1014 stam

359 1059 511 1112 aute
541 1070 725 1112 aram
739 1059 1085 1113 coronatur
1102 1053 1186 1112 ab
1203 1054 1476 1114 Hercule
1492 1062 1658 1115 retro
1685 1063 1859 1118 etan·

357 1164 461 1228 805
507 1172 591 1214 ea:
623 1155 892 1214 adverso
935 1141 1116 1213 eiam
1147 1131 1478 1215 Maxima}
1502 1157 1858 1233 paludatus

359 1258 425 1315 d.
448 1263 782 1333 pateram,
827 1273 879 1314 ε.
908 1255 1195 1330 hastam,
1238 1256 1350 1316 cut·
1372 1258 1591 1317 adstat
1618 1258 1852 1333 Apollo

356 1359 591 1417 nudus·
617 1376 671 1416 s.
712 1359 932 1416 ‹zi-cum
969 1365 1207 1428 tenens.
1282 1358 1360 1416 In
1391 1358 1613 1418 horum
1644 1360 1853 1418 medio

357 1466 494 1517 stat
526 1458 761 1517 mulier
785 1457 1044 1537 ylobum
1069 1460 1313 1533 juncta
1347 1467 1619 1542 utraque
1658 1479 1859 1520 manu

356 1547 597 1619 tenens.
642 1558 783 1619 ΑΕ.
838 1577 1006 1617 max.
1049 1556 1226 1621 mod.
1280 1577 1364 1620 ex
1399 1557 1664 1642 duplice
1720 1578 1855 1626 me·

354 1657 542 1720 tullo.
587 1657 786 1738 (Mus.
822 1659 1042 1746 Caes.)
1350 1665 1363 1671 “

380 1801 388 1814 .
484 1758 656 1826 Vide
676 1802 693 1831 ‚
739 1780 905 1843 quae
934 1759 1017 1822 de
1052 1762 1178 1828 hoc
1200 1783 1399 1825 numo
1426 1757 1600 1825 infra
1622 1762 1690 1824 in
1712 1781 1855 1824 ⁴mo-

352 1877 506 1923 neta
543 1859 665 1923 filii
697 1860 1000 1923 monebo.

913 2072 953 2111 fi
1080 2028 1119 2067 *
1256 2072 1296 2112 ἦ

365 2135 460 2192 De
489 2132 683 2191 annis
730 2140 796 2191 et
830 2134 976 2193 trib.
1010 2121 1329 2210 pote-stete
1361 2137 1742 2210 Maximini,
1786 2144 1860 2195 ut

444 2242 514 2293 et
555 2234 638 2293 de
668 2235 957 2296 terminis
989 2234 1242 2313 Imperii
1281 2238 1770 2332 Gordianorum,

737 2336 1032 2410 Balbini,
1079 2346 1145 2397 et
1171 2339 1463 2414 Pupieni.

386 2525 395 2530 ,
489 2471 821 2554 Nusquam
874 2472 1033 2535 alias
1083 2472 1206 2534 bac
1268 2486 1457 2555 parte
1505 2471 1859 2558 implexior

365 2571 643 2633 historia
677 2574 966 2633 Romana
988 2615 1005 2646 ‚
1048 2572 1219 2635 adeo
1255 2574 1666 2638 discordibus
1698 2578 1857 2661 ipsis

358 2670 697 2734 veteribus
723 2716 739 2747 ,
805 2686 876 2734 nt
943 2673 1212 2736 dubium
1276 2672 1612 2753 videatur,
1687 2678 1856 2740 sitne

362 2771 570 2856 magis
619 2771 911 2840 miranda
968 2793 1199 2837 eorum
1250 2775 1657 2859 ignorantia,
1705 2793 1895 2840 cum·

362 2873 700 2936 historiam
762 2893 1187 2954 summorum*
1232 2877 1413 2940 orbis
1457 2878 1851 2961 principum,

364 2995 647 3059 quorum
715 2994 947 3036 aevum
1012 2998 1140 3038 non
1200 2999 1600 3063 magnopere
1655 3002 1689 3040 a
1735 2999 1854 3040 suo

345 3074 681 3160 ⁴distabat,
727 3075 1021 3139 scribere
1043 3079 1557 3162 meditarentur„
1584 3102 1660 3142 an
1693 3079 1859 3142 osci-

366 3176 609 3253 tantia,
653 3195 803 3239 cum
861 3178 1099 3240 omissa
1138 3180 1294 3241 crisi
1336 3193 1587 3242 temere
1624 3181 1905 3255 omnia,-

370 3304 449 3347 ac
494 3282 770 3345 fortuito
811 3279 1150 3342 mandasse
1197 3281 1409 3354 literis
1459 3282 1864 3349 viderentur.

369 3388 477 3449 Ex
533 3383 770 3447 horum
838 3381 1210 3465 praeconiis
1269 3382 1613 3466 imperavit
1662 3385 1867 3447 Maxi·

340 3465 595 3562 ,minus
654 3485 838 3548 annis
894 3486 973 3546 11.
1031 3485 1135 3544 vel
1203 3485 1310 3545 111.
1372 3477 1480 3547 vel
1542 3488 1698 3569 ipsis
1754 3489 1867 3552 Vl.

371 3590 792 3671 Imperavere
845 3584 1164 3648 Gordiani
1220 3585 1364 3647 Arri
1409 3587 1538 3668 jam
1594 3587 1734 3670 dies
1782 3590 1854 3650 C.

368 3688 500 3771 iam
556 3709 793 3751 annum
854 3688 916 3746 1.·
957 3706 1214 3748 menses
1262 3687 1408 3763 V1.‚
1468 3688 1597 3770 jam
1657 3709 1859 3750 annos

371 3788 541 3852 adeo
572 3791 686 3856 Vl.
778 3790 861 3852 At
896 3785 1212 3849 Balbinus
1260 3802 1326 3850 et
1361 3773 1693 3872 Pupienus
1730 3788 1868 3870 jam*

371 3889 517 3952 dies
564 3889 812 3965 xxu„
877 3889 1006 3969 jam
1058 3908 1315 3951 menses
1371 3892 1521 3967 111.‚
1582 3891 1708 3973 jam
1756 3918 1864 3955 an-

369 4013 532 4058 num
593 3993 643 4055 1.
699 3990 827 4075 jam
892 3991 974 4051 11.
1038 3990 1356 4073 Reliquae
1416 4006 1641 4067 notae,
1704 3989 1862 4078 qu’as

371 4092 713 4168 adferunt,
778 4105 888 4152 aut
930 4110 1061 4153 non
1106 4092 1463 4154 cohaerent
1507 4116 1652 4157 cum
1700 4096 1859 4157 alio-

363 4216 516 4258 rum
578 4192 804 4270 dictis,
888 4205 996 4254 aut
1046 4201 1295 4276 ‘aperte
1377 4210 1527 4258 sunt
1597 4196 1859 4259 menda·

368 4316 504 4361 ces.
589 4295 764 4358 Nolo
826 4293 1167 4357 brevitatis
1225 4317 1416 4358 causa
1465 4318 1862 4359 commemo-

362 4417 520 4461 rare
558 4396 849 4481 singula,
897 4393 1075 4479 quod
1110 4415 1191 4457 ea
1225 4397 1550 4479 explicate
1584 4399 1706 4477 jam
1744 4397 1857 4460 ha·

360 4499 610 4566 beatur
663 4499 755 4567 in,
800 4497 1211 4582 Tillemqntii
1285 4498 1367 4560 ad
1430 4499 1853 4562 Maximinum

3305 480 3450 561 293

1962 644 2173 722 notis,
2236 661 2378 710 tum
2426 644 2600 730 apud
2644 646 3106 709 Mazzolenum
3161 647 3243 725 ⁸).
3331 647 3455 722 His

1962 742 2492 812 testimoniorum
2545 746 2855 809 monstris
2921 768 3069 810 cum
3112 739 3455 814 nitendum

1973 863 2150 911 esset
2186 846 2646 912 eruditissimis
2698 847 2925 910 aetatis
2967 863 3231 912 nostrae
3268 850 3459 913 chro-

1969 950 2272 1035 nologis,
2343 948 2520 1011 istud
2594 948 2877 1033 (lenique
2942 950 3321 1027 obtinuere,
3385 966 3458 1014 ut

1970 1053 2213 1137 quanto
2247 1052 2395 1135 plus
2436 1050 2841 1133 indagarent,
2881 1065 3060 1114 tanto
3092 1052 3241 1136 plus
3277 1054 3463 1136 igno·

1971 1167 2231 1226 rarent,
2279 1166 2344 1215 et
2389 1171 2841 1236 quamcunque
2885 1152 3144 1216 demum
3202 1169 3461 1217 senten·

1970 1253 2126 1316 tiam
2198 1253 2789 1337 amplecterentur,
2884 1254 3009 1316 sibi
3084 1254 3463 1319 diffiderent

1968 1356 2117 1440 ipsi.
2205 1357 2427 1450 Quare
2490 1355 2687 1416 satius
2747 1352 2894 1417 fore
2967 1357 3308 1434 existim0‚
3370 1357 3458 1435 si,

1920 1465 2396 1542 .‘quaecunque
2443 1456 2522 1518 ab
2565 1455 2667 1516 his
2705 1471 3017 1541 angustae
3064 1459 3300 1520 mentis
3345 1458 3462 1523 ho-

1967 1560 2291 1634 minibus»,
2366 1578 2530 1641 quos
2609 1554 2783 1619 inter
2854 1559 3260 1641 Capitolinus
3324 1579 3462 1621 om-

1967 1661 2149 1724 nium
2193 1658 2372 1721 forte
2406 1659 2656 1741 primus
2694 1659 3041 1734 locandus,
3090 1659 3462 1743 conscripta

1970 1774 2159 1838 sunt,
2233 1759 2767 1841 aspernabimur,
2844 1774 2910 1823 et
2975 1781 3056 1823 ex
3110 1777 3461 1822 numorum

1970 1862 2142 1937 fide,
2206 1859 2445 1946 quibus
2493 1874 2693 1923 testes
2750 1860 3270 1946 incorr-aptiores
3328 1880 3464 1922 non

1969 1964 2328 2037 babemus,
2393 1961 2586 2043 hujus
2660 1963 2888 2026 aetatis
2964 1961 3464 2044 chronologiam

1971 2066 2344 2128 metiemur.
2406 2066 2621 2147 Atque
2659 2061 3016 2134 secundum
3050 2065 3178 2126 hoc
3209 2064 3465 2126 institu-

1970 2181 2110 2230 tum
2171 2166 2354 2228 lubet
2411 2166 2590 2228 varia
2642 2164 2837 2247 hujus
2888 2165 3032 2233 aevi
3095 2167 3306 2248 capita
3354 2186 3465 2227 ex·

1971 2267 2298 2353 pendere,
2344 2287 2476 2328 non
2516 2288 2646 2350 quo
2674 2286 2932 2350 sperem
2956 2311 2972 2342 ,
3020 2287 3123 2329 mo
3160 2267 3464 2330 tenebras

1970 2388 2200 2433 omnes
2226 2368 2687 2451 depulsurum,
2734 2367 2849 2429 sed
2881 2389 3008 2451 quo
3029 2382 3267 2452 pateat,
3304 2367 3464 2453 quid

1968 2472 2039 2534 in
2071 2470 2380 2534 universa
2413 2468 2536 2531 hac
2571 2490 2761 2532 causa
2798 2467 3151 2533 habeamus
3177 2484 3462 2548 certum,

1971 2586 2040 2634 et
2084 2592 2253 2656 quae
2315 2569 2734 2635 difficultates
2785 2571 3062 2653 singulis
3123 2569 3466 2634 sententiis

1972 2684 2407 2758 opponantur.
2503 2687 2510 2695 ‘

2046 2809 2129 2903 Ι..
2157 2845 2391 2903 Caesus
2443 2849 2541 2901 est
2575 2841 2977 2901 Maximinus
3026 2843 3101 2903 V.
3153 2821 3214 2902 Ο.
3253 2849 3376 2904 991

2524 2944 2594 3003 Ρ.
2626 2943 2711 3002 X.
2745 2947 2891 3004 238.

2099 3077 2247 3146 Viri
2267 3077 2444 3139 omni
2471 3077 2666 3139 laude
2688 3075 2968 3158 majores
2992 3120 3009 3148 ,
3057 3076 3465 3161 onuphrius,

1977 3180 2317 3255 Petavius,
2395 3178 2713 3241 Calvisius
2777 3177 3058 3242 mortem
3131 3181 3470 3242 Maximini

1978 3279 2267 3345 Octobri
2314 3280 2468 3342 anni
2512 3282 2594 3348 V.
2646 3282 2717 3343 C.
2759 3301 2883 3364 qqo
2927 3283 3000 3341 P.
3052 3280 3134 3342 X.
3189 3285 3311 3364 237
3358 3283 3469 3346 ad..

1978 3381 2305 3458 fixerunt,
2383 3383 2813 3470 opportunius
2868 3382 2979 3444 alii
3036 3406 3204 3446 anno
3247 3387 3337 3454 V.
3393 3385 3465 3448 C.

1982 3505 2128 3569 qqn.
2210 3483 2528 3546 Abstineo
2583 3485 3022 3566 argumentis,
3070 3485 3468 3570 quibus·po-

1972 3586 2324 3648 steriorem
2391 3583 2767 3672 gpinionem
2837 3586 3130 3650 stabilire
3193 3601 3464 3650 conatus

1976 3701 2078 3751 est
2119 3686 2584 3768 Tillemontius
2616 3682 2703 3766 b).
2749 3688 2976 3748 Numis
3001 3710 3142 3749 rem
3170 3710 3379 3771 agam.

2102 3787 2284 3849 l'stud
2319 3788 2626 3849 evincunt
2663 3789 2845 3849 numi
2888 3790 3164 3850 Romani
3200 3800 3330 3851 ta'm
3365 3813 3466 3852 ar-

1979 3889 2238 3975 gentei,
2301 3909 2490 3972 quam
2536 3888 2722 3949 aenei
2767 3893 3349 3962 senatusconsulto
3381 3893 3466 3954 si·

1981 3990 2195 4074 gnati,
2257 3991 2321 4048 in
2374 3987 2607 4071 quibus
2669 4002 2932 4051 notatur
2982 3990 3128 4053 trib.
3172 4008 3463 4076 potestas

1978 4095 2088 4160 lv.
2161 4094 2418 4153 Horum
2478 4087 2676 4150 fidem
2744 4089 2811 4150 in
2868 4090 3134 4154 dubium
3189 4115 3463 4157 vocave-

1971 4207 2125 4256 runt
2160 4191 2626 4253 Tillemontius
2671 4193 2771 4269 ⁶),
2818 4193 3057 4277 aliique
3107 4193 3231 4257 viri
3275 4217 3462 4278 prae-

1973 4292 2372 4360 stantissimi.
2476 4290 2562 4352 At
2631 4292 2917 4357 existere
2984 4295 3125 4376 ejus
3197 4300 3460 4382 generis

1969 4419 2101 4459 non
2137 4413 2415 4481 paucos,
2459 4405 2735 4455 testatur
2767 4397 2870 4458 vel
2910 4398 3121 4461 solum
3160 4419 3456 4462 museum

1973 4501 2402 4575 Caesareum,
2474 4499 2542 4560 iu
2622 4519 2754 4584 quo
2813 4518 2946 4560 non
3016 4499 3455 4563 adnumeratis

436 4718 498 4787 a)
536 4710 853 4774 Animadv.
884 4683 935 4771 '1.
978 4712 1053 4770 de
1090 4710 1390 4796 tribgpot.
1430 4731 1487 4787 p.
1532 4720 1655 4783 149.

1805 4710 1872 4784 b)
1913 4709 2063 4768 Nota
2098 4710 2172 4774 V.
2211 4710 2275 4774 in
2312 4710 2714 4802 Mafiminum.

2876 4717 2936 4784 c)
2976 4712 3016 4770 l.
3058 4733 3108 4771 0.
