4475 5584
1101 506 1252 599 486
1912 503 1923 514 ·
2061 459 2068 468 ’
2215 490 2224 502 ·
2272 469 3025 553 AVRELIANVS.

1069 689 1470 782 ‘pet-uitem.
1513 684 1664 746 Non
1700 672 1958 740 inficior
1990 663 2236 751 objecti
2276 647 2438 742 nodi
2464 677 2607 723 ωσι

1107 795 1407 868 lestiam,
1464 804 1679 871 neque
1726 797 1877 843 eum
1921 770 2223 844 declino,
2292 765 2408 828 sed
2453 784 2603 827 cum

1105 918 1218 963 res
1262 897 1404 979 ipsa
1445 887 1775 976 postulet,
1828 869 2299 960 reperiundum
2343 881 2441 929 est
2482 865 2602 928 ali-

1107 998 1301 1088 quid,
1347 993 1524 1080 quod
1559 988 1700 1072 ejus
1728 980 2035 1061 ambages
2069 971 2384 1038 resolvat.
2443 966 2596 1052 Ani·

1107 1091 1657 1166 madvertendum
1701 1077 2118 1166 cumprimis,
2159 1072 2414 1133 nullum
2466 1088 2602 1130 om-

1106 1205 1271 1270 niuo
1315 1198 1635 1260 hactenus
1678 1185 2011 1267 cognitu‘m
2073 1194 2218 1248 esse
2265 1166 2603 1234 Aureliani

1107 1323 1379 1370 numum
1426 1317 1575 1362 cum
1618 1280 1788 1354 anuo
1833 1286 1912 1346 Z.
1995 1279 2104 1342 An
2167 1295 2330 1341 vero
2390 1269 2605 1334 credi-

1107 1408 1286 1482 bile,
1359 1400 1414 1462 si
1473 1396 1581 1458 die
1640 1389 1875 1454 XXIX.
1919 1378 2201 1466 Aug'usti
2264 1374 2405 1459 ejus
2450 1370 2602 1436 anni

1102 1507 1454 1599 imperavit
1512 1500 1767 1588 adhuc,
1835 1499 1946 1551 aut
2007 1481 2227 1544 nullos
2289 1478 2602 1557 deinceps

1099 1633 1344 1696 “numos
1379 1627 1529 1673 cum
1570 1602 1711 1686 ejus
1747 1589 1959 1675 capite
1991 1582 2195 1645 fuisse
2227 1596 2601 1668 percussos,

1107 1731 1222 1785 aut
1262 1716 1502 1777 horum
1563 1702 1820 1768 nullum
1878 1693 1960 1757 ad
2018 1708 2140 1752 nos
2202 1681 2603 1771 pervenisse,

1110 1839 1262 1883 eum
1291 1826 1510 1875 tamen
1545 1820 1646 1868 tot
1685 1819 1836 1863 cum
1872 1793 2099 1859 uxoris
2135 1788 2348 1871 capite
2380 1799 2605 1865 super-

1108 1920 1274 1993 sint,
1321 1928 1391 1978 et
1424 1919 1701 1973 aetatem
1732 1892 2056 1964 tulerint?
2137 1892 2291 1973 Ipse
2323 1883 2432 1946 hic
2464 1881 2605 1963 ejus

1106 2033 1462 2083 numerum
1481 2006 1812 2079 defectus,
1857 1997 1970 2084 qui
2005 2010 2226 2058 tamen
2259 2001 2606 2070 superesse

1111 2120 1477 2190 deberent,
1522 2127 1673 2174 cum
1718 2102 1896 2168 obvii
1955 2099 2085 2161 sint
2126 2089 2354 2155 uxoris
2399 2084 2604 2160 numi,

1113 2221 1270 2285 satis
1312 2234 1435 2278 nos
1479 2209 1828 2280 admonet,
1888 2195 2313 2264 Aurelianum
2359 2187 2604 2249 dictum

1109 2318 1471 2386 terminum
1502 2330 1634 2374 non
1665 2305 1957 2389 attigisse
1979 2344 1997 2376 ,
2045 2309 2113 2359 et
2154 2293 2487 2357 adsertam
2522 2285 2604 2349 ab

1106 2416 1442 2488 historicis
1462 2415 1917 2492 interregnum
1954 2397 2200 2464 stabilit
2217 2391 2454 2479 potius.
2496 2388 2604 2462 At,

1109 2522 1413 2607 inquies,
1477 2534 1635 2577 num
1696 2527 1890 2596 cusos
1944 2501 2316 2587 putabimus
2370 2508 2607 2554 numos

1107 2625 1337 2691 uxoris
1399 2616 1666 2681 nomine
1742 2622 2005 2672 mortuo
2070 2602 2265 2665 etiam
2322 2588 2607 2658 marite?

1108 2729 1273 2813 ajo,
1315 2738 1537 2805 neque
1567 2713 1739 2777 istud
1769 2711 1956 2772 nullo
1994 2699 2323 2784 exemplo.
2377 2693 2606 2758 Liviae

1108 2825 1430 2912 Augusti,
1472 2834 1539 2882 et
1556 2818 1854 2895 Domnae
1877 2805 2109 2871 Severi
2141 2801 2456 2862 habemus
2490 2788 2610 2855 nu-

985 2921 1014 2930 ..
1111 2950 1257 2995 mos
1300 2921 1578 3011 mortuis
1646 2913 1894 2979 maritis
1945 2927 2067 2995 per
2106 2897 2480 2988 provincias
2525 2895 2610 2957 si-

1111 3044 1367 3120 gnatos.
1452 3028 1539 3087 At
1567 3020 1803 3082 harum
1836 3009 2220 3097 superstites
2265 3002 2454 3064 fuere
2482 2994 2609 3059 filii

1104 3137 1530 3218 imperantes.
1597 3125 1799 3186 Esto:
1844 3115 2011 3179 nihil
2047 3109 2224 3173 enim
2254 3091 2402 3189 plus
2430 3095 2609 3162 istud

1101 3234 1344 3324 ‘probat
1369 3276 1387 3307 ,
1450 3247 1643 3313 quam
1679 3221 1894 3284 fuisse
1933 3212 2259 3277 rationem
2305 3202 2611 3267 dedican-

1111 3339 1235 3401 dae
1276 3333 1539 3416 utrique
1572 3324 1770 3388 etiam
1810 3332 1960 3404 post
2012 3312 2396 3376 maritorum
2434 3322 2611 3364 mer·

1107 3453 1248 3503 tem
1293 3444 1617 3497 monetae.
1702 3426 1930 3505 Ergo,
1988 3403 2113 3477 etsi
2172 3430 2308 3473 non
2353 3397 2607 3479 endem,

1111 3555 1334 3605 tamen
1378 3548 1524 3594 esse
1569 3525 1784 3606 aliqua
1830 3518 1998 3581 ratio
2043 3513 2287 3599 potuit,
2330 3518 2611 3592 propter

1114 3661 1308 3729 quam
1389 3624 1746 3716 placuerit,
1840 3615 2202 3712 Seven-inae
2276 3620 2609 3673 monetam

1114 3742 1311 3809 etiam
1341 3744 1494 3821 pest
1523 3711 1865 3791 Aureliani
1899 3738 2237 3783 excessum
2276 3709 2611 3777 continua·

1111 3864 1234 3921 re,
1279 3837 1489 3926 qualis
1535 3851 1681 3896 esse
1740 3839 2002 3914 poterat
2042 3824 2153 3887 vel
2197 3815 2493 3882 adfectus
2538 3809 2608 3870 in

1114 3948 1539 4018 defunctum,
1581 3934 1691 4002 vel
1734 3927 2038 4016 quoniam
2086 3924 2253 3987 haec
2299 3937 2427 3980 una
2466 3925 2605 3975 tnm

1115 4050 1443 4140 superfuit
1486 4046 1784 4125 Augusto
1827 4029 2105 4106 nomine·
2137 4019 2482 4106 insignita,
2537 4024 2609 4074 et

1115 4154 1296 4246 quod
1334 4141 1798 4229 consequitur,
1837 4151 2036 4195 nemo
2082 4139 2242 4191 tunc
2286 4123 2451 4186 alius
2482 4117 2609 4202 fnit

1112 4268 1421 4350 praesto,
1484 4243 1670 4329 cujus
1711 4236 1977 4302 nomine
2020 4226 2455 4295 Alexandriae
2496 4243 2620 4309 pe·

1117 4361 1311 4431 cunia
1371 4356 1440 4416 in
1483 4367 1638 4414 usus
1698 4335 2113 4427 quotidianos
2173 4326 2473 4394 cudenda
2515 4324 2614 4386 in·

1117 4462 1499 4548 signiretur.
1587 4444 1881 4511 Adverto
1923 4449 2307 4522 praeterea,
2350 4428 2608 4491 nullum

1120 4565 1332 4632 adhuc
1366 4553 1701 4643 proditum
1749 4541 2105 4607 severinae
2152 4551 2427 4597 numum·
2457 4527 2612 4592 Are-

2716 655 3104 721 xandrinum
3141 660 3602 737 praeterquam
3634 660 3785 706 cum
3829 640 4015 705 annis
4046 663 4097 716 ς·
4132 656 4207 706 et

2717 764 2805 837 Z,
2852 758 2922 821 id
2962 770 3060 820 est
3090 756 3204 825 vl.
3222 766 3301 814 et
3326 750 3508 823 V11.,
3553 745 3607 809 si
3639 744 4211 827 Arigoniinum‘es

2717 863 2939 950 demas
2966 880 3113 925 cum
3141 853 3327 920 annis
3346 855 3400 914 A
3431 841 3711 931 1·),”οιΒ
3740 843 3833 928 ¹⁵),
3871 846 3991 910 sed
4021 844 4210 926 cujus

2711 961 3046 1028 iconismis
3075 960 3225 1044 jure
3255 953 3636 1022 diffidimus.
3694 947 3894 1045 Quod
3923 948 4211 1029 suspiee-

2716 1065 2778 1127 ri
2807 1064 2965 1127 facit
2985 1110 3003 1142 ,
3052 1060 3410 1126 Seven-inae
3436 1052 3699 1118 nonnisi
3732 1068 3931 1114 caeso
3972 1051 4209 1114 marito

2715 1188 2967 1230 numos·
3024 1159 3460 1228 Alexandriae
3541 1152 3835 1218 dedicari
3915 1161 4207 1235 coeptos,

2715 1268 2915 1353 idque
2949 1266 3193 1329 factum
3222 1257 3597 1325 necessario
3616 1301 3636 1335 ,
3681 1253 3869 1318 nullo
3901 1266 4048 1315 tum
4080 1253 4211 1318 alio

2716 1371 3018 1444 vivente,
3063 1380 3134 1429 ut
3162 1364 3320 1427 dixi.

2844 1472 3029 1533 Haec
3090 1463 3386 1529 doctrina
3442 1475 3518 1525 nt
3557 1458 3847 1524 violenta
3906 1476 4043 1520 non
4088 1470 4217 1533 est,

2718 1572 2807 1680 ita
2845 1585 2913 1634 et
2938 1582 3247 1633 statutum
3277 1566 3358 1654 ab
3388 1560 3727 1627 historicis
3750 1558 4207 1645 interregnum

2718 1675 3076 1759 plurimum
3120 1669 3404 1750 adjuvat.
3488 1663 3823 1727 Aliorsum·
3869 1659 4007 1722 abit
4037 1663 4209 1724 Maz-

2721 1777 3035 1850 zolenus,
3098 1771 3211 1856 qui
3255 1769 3487 1831 ductus
3549 1762 3941 1827 auctoritate
3984 1782 4209 1824 numo·
4270 1798 4281 1808 ·

2720 1899 2872 1940 rum
2930 1873 3353 1946 Latinorum,
3434 1867 3548 1955 qui
3605 1862 3761 1928 trib.
3820 1855 4210 1945 potestatem

2718 1980 2864 2050 vn.
2907 1974 3314 2047 inscribunt,
3358 1984 3427 2032 et
3460 1964 4059 2031 Alexandrinorum
4101 1964 4217 2028 Se-

2722 2081 2991 2148 verinae
3035 2097 3186 2140 cum
3229 2093 3399 2138 anno
3447 2072 3501 2132 Z
3527 2114 3545 2146 ,
3609 2068 3870 2142 statuit,
3916 2065 4212 2128 Aurelia-

2719 2204 2877 2245 num
2927 2181 3174 2244 dictum
3223 2176 3439 2239 fuisse
3464 2173 3832 2255 Augustum
3881 2167 4064 2232 circa
4093 2166 4215 2230 ini·

2718 2287 2881 2350 tium
2916 2278 3310 2347 Decembris
3338 2278 3418 2346 V.
3449 2274 3522 2336 C.
3564 2269 3724 2334 1023
3744 2315 3767 2349 ,
3806 2291 3967 2335 mox
3999 2269 4213 2356 proxi-

2720 2406 2831 2450 mo
2877 2388 2990 2454 IV.
3054 2382 3201 2454 idus
3255 2380 3530 2441 iterasse
3589 2373 3746 2438 tri-b.
3799 2384 4217 2456 potestatem,

2722 2509 2799 2552 ac
2834 2488 3095 2549 demum
3132 2478 3367 2545 eodem
3402 2477 3509 2541 die
3547 2475 3698 2541 anni
3748 2475 3911 2536 1028
3948 2471 4221 2534 inivisse

2721 2587 3120 2651 tribunatum
3162 2582 3346 2659 Vll„
3409 2592 3475 2644 et
3529 2576 3893 2642 secundum
3939 2573 4213 2638 eandem

2721 2690 2942 2773 legem
3006 2683 3432 2769 explicandos
3490 2682 3686 2743 etiam
3732 2677 4217 2741 Alexandrinos

2725 2790 3123 2863 Sex-erinae,
3185 2785 3495 2871 quoniam
3552 2780 3704 2844 anni
3746 2780 3854 2843 bis
3916 2778 4217 2863 inscripti

2724 2913 2807 2956 ex
2847 2892 2988 2976 ejus
3023 2889 3345 2953 sententia
3383 2906 3515 2948 non
3551 2883 3631 2946 ab
3682 2894 3970 2946 exeunte
4003 2881 4217 2964 Augu·

2723 3011 2825 3060 sto
2855 2993 3302 3065 deducuntur,
3347 2986 3465 3050 sed
3507 2984 3951 3048 tribunatuum
3992 2997 4221 3043 nume-

2720 3117 2872 3161 rum
2916 3105 3301 3179 sequuntur.
3387 3090 3473 3153 At
3516 3106 3665 3149 cum
3706 3081 4051 3150 adversari
4094 3079 4217 3143 sibi

2720 3198 2942 3263 videat
2984 3194 3344 3279 Vopiscum
3403 3186 3854 3263 adserentem,
3914 3182 4217 3249 Tacitum

2720 3301 2852 3387 jam
2885 3300 3029 3368 vn.
3079 3295 3229 3359 Kal.
3282 3287 3559 3357 Octobr.
3604 3286 3765 3351 anni‘
3797 3288 3885 3355 V.
3930 3287 4006 3351 C.
4059 3283 4223 3348 »ωδ

2723 3403 3010 3466 electum
3042 3399 3546 3482 imperatorem,
3590 3402 3786 3474 atque
3817 3388 4061 3451 iterum
4089 3388 4223 3456 Vo-

2719 3504 2972 3588 piscum
3018 3512 3085 3563 et
3129 3512 3481 3579 utrumque
3527 3491 3870 3560 Victorem
3911 3502 4215 3556 auctores

2719 3602 3073 3671 anarchiae
3097 3600 3213 3668 VI.
3266 3598 3377 3664 vel
3405 3596 3548 3665 VII.
3585 3592 3944 3669 mensium,
3987 3590 4071 3655 ab
4114 3588 4216 3655 hi·

2725 3728 2799 3771 se
2842 3704 3195 3770 molestiis·
3227 3698 3539 3766 continue
3581 3696 3822 3759 liberat
3864 3690 4216 3757 inficiando

2726 3809 3021 3894 omnium
3076 3805 3315 3868 horum
3376 3791 3906 3863 testimoniorum
3984 3791 4219 3858 verit·-

2724 3924 2860 3975 tem
2923 3909 3003 3989 ⁰).
3093 3909 3389 3970 Necesse
3424 3921 3559 3964 non
3599 3911 3803 3984 puto,
3861 3896 4034 3959 lianc
4076 3893 4217 3978 ejus

2720 4009 3153 4085 sententiam,
3230 4006 3343 4070 cui
3392 4004 3506 4069 vix
3577 3997 3989 4064 eruditorum
4049 3995 4221 4080 quis·

2722 4114 2895 4199 piam
2939 4110 3138 4174 facile
3181 4105 3589 4181 subscribet,
3632 4099 3858 4163 mul-'tis
3899 4096 4216 4163 refutare.

2722 4214 2849 4299 Ajo
2891 4226 3180 4290 tantum,
3241 4209 3312 4272 iu
3368 4209 3495 4271 hac
3555 4201 3701 4286 ejus
3741 4198 4043 4264 doctriua
4084 4217 4217 4262 nen

2721 4315 3023 4401 potuisse
3078 4310 3324 4398 signari
3382 4323 3618 4370 numos
3658 4300 4003 4366 Aureliani
4062 4315 4214 4365 eum

2723 4437 2895 4483 anno
2941 4419 3034 4492 A,
3093 4431 3373 4502 quorum
3426 4422 3650 4477 tamen
3706 4403 4087 4488 complures
4143 4400 4217 4461 in

2724 4520 2968 4585 muscis
2999 4529 3288 4591 exstant,
3330 4532 3464 4576 non
3507 4511 3665 4573 ante
3704 4505 3881 4568 diem
3913 4504 4026 4572 lv.
4069 4500 4215 4565 idus

1158 4829 1162 4832 ,
1197 4780 1260 4850 a)
1287 4772 1462 4833 Num.
1488 4763 1657 4826 Alex.
1688 4739 1810 4824 tab.
1834 4756 2051 4819 XXIX.
2159 4752 2232 4827 b)
2257 4746 2437 4812 Numi
2473 4742 2576 4806 alii
2605 4742 2772 4806 Alex.
2801 4738 2926 4800 tab.
2958 4733 3061 4798 lx.
3191 4734 3255 4809 e)
3279 4687 3353 4789 dc
3372 4726 3516 4788 trib..
3530 4736 3661 4805 pot.-
3683 4743 3749 4803 p.
3767 4732 3890 4798 ιω.
3919 4737 4045 4798 seq.

2199 4939 2230 4954 ἱ
