<?xml version="1.0" encoding="UTF-8"?>
<!DOCTYPE html PUBLIC "-//W3C//DTD XHTML 1.0 Transitional//EN"
    "http://www.w3.org/TR/xhtml1/DTD/xhtml1-transitional.dtd">
<html xmlns="http://www.w3.org/1999/xhtml" xml:lang="en" lang="en">
 <head>
  <title>
</title>
<meta http-equiv="Content-Type" content="text/html;charset=utf-8" />
  <meta name='ocr-system' content='tesseract 3.04.00' />
  <meta name='ocr-capabilities' content='ocr_page ocr_carea ocr_par ocr_line ocrx_word'/>
</head>
<body>
  <div class='ocr_page' id='page_1' title='image "./doctrinanumorum09unkngoog/doctrinanumorum09unkngoog_0025.png"; bbox 0 0 4475 5584; ppageno 0'>
   <div class='ocr_carea' id='block_1_1' title="bbox 1403 479 3487 602">
    <p class='ocr_par' dir='ltr' id='par_1_1' title="bbox 1403 479 3487 602">
     <span class='ocr_line' id='line_1_1' title="bbox 1403 479 3487 602; baseline 0.005 -11"><span class='ocrx_word' id='word_1_1' title='bbox 1403 479 2124 592; x_wconf 72' lang='lat' dir='ltr'><strong>ANTONINVS</strong></span> <span class='ocrx_word' id='word_1_2' title='bbox 2223 518 2521 596; x_wconf 77' lang='lat' dir='ltr'>Plvs.</span> <span class='ocrx_word' id='word_1_3' title='bbox 2993 548 3014 571; x_wconf 42' lang='grc' dir='ltr'>κ</span> <span class='ocrx_word' id='word_1_4' title='bbox 3349 538 3487 602; x_wconf 77' lang='lat'>-13</span> 
     </span>
    </p>
   </div>
   <div class='ocr_carea' id='block_1_2' title="bbox 395 689 1909 4533">
    <p class='ocr_par' dir='ltr' id='par_1_2' title="bbox 395 689 1892 884">
     <span class='ocr_line' id='line_1_2' title="bbox 395 689 1892 783; baseline 0.004 -24"><span class='ocrx_word' id='word_1_5' title='bbox 395 693 776 781; x_wconf 60' lang='lat' dir='ltr'>summa.</span> <span class='ocrx_word' id='word_1_6' title='bbox 815 696 1499 783; x_wconf 60' lang='lat' dir='ltr'>IMPERATORJI.</span> <span class='ocrx_word' id='word_1_7' title='bbox 1536 689 1708 766; x_wconf 67' lang='lat' dir='ltr'>sc.</span> <span class='ocrx_word' id='word_1_8' title='bbox 1748 705 1892 765; x_wconf 77' lang='lat' dir='ltr'>Duo</span> 
     </span>
     <span class='ocr_line' id='line_1_3' title="bbox 397 798 1496 884; baseline 0.005 -23"><span class='ocrx_word' id='word_1_9' title='bbox 397 801 667 861; x_wconf 70' lang='lat' dir='ltr'>ancilia.</span> <span class='ocrx_word' id='word_1_10' title='bbox 712 798 854 861; x_wconf 82' lang='grc' dir='ltr'>ΔΕ.</span> <span class='ocrx_word' id='word_1_11' title='bbox 900 801 981 865; x_wconf 90' lang='grc' dir='ltr'>ΙΙ.</span> <span class='ocrx_word' id='word_1_12' title='bbox 1028 803 1230 884; x_wconf 82' lang='lat' dir='ltr'>(Mus.</span> <span class='ocrx_word' id='word_1_13' title='bbox 1277 802 1496 883; x_wconf 87' lang='lat' dir='ltr'>Caes.)</span> 
     </span>
    </p>

    <p class='ocr_par' dir='ltr' id='par_1_3' title="bbox 397 898 1906 4011">
     <span class='ocr_line' id='line_1_4' title="bbox 525 898 1893 985; baseline -0.001 -19"><span class='ocrx_word' id='word_1_14' title='bbox 525 905 632 967; x_wconf 90' lang='lat' dir='ltr'>De</span> <span class='ocrx_word' id='word_1_15' title='bbox 679 898 877 967; x_wconf 83' lang='lat' dir='ltr'>ancili</span> <span class='ocrx_word' id='word_1_16' title='bbox 939 914 1259 985; x_wconf 82' lang='lat' dir='ltr'><strong>regnante</strong></span> <span class='ocrx_word' id='word_1_17' title='bbox 1305 902 1516 966; x_wconf 84' lang='lat' dir='ltr'><strong>Numa</strong></span> <span class='ocrx_word' id='word_1_18' title='bbox 1568 900 1650 965; x_wconf 87' lang='lat' dir='ltr'>de</span> <span class='ocrx_word' id='word_1_19' title='bbox 1700 903 1893 967; x_wconf 89' lang='lat' dir='ltr'>coelo</span> 
     </span>
     <span class='ocr_line' id='line_1_5' title="bbox 398 996 1894 1089; baseline -0.003 -22"><span class='ocrx_word' id='word_1_20' title='bbox 398 1004 589 1089; x_wconf 86' lang='lat' dir='ltr'>lapso</span> <span class='ocrx_word' id='word_1_21' title='bbox 619 1004 689 1067; x_wconf 91' lang='lat' dir='ltr'>in</span> <span class='ocrx_word' id='word_1_22' title='bbox 722 1004 999 1068; x_wconf 79' lang='lat' dir='ltr'>salutem</span> <span class='ocrx_word' id='word_1_23' title='bbox 1023 996 1241 1078; x_wconf 85' lang='lat' dir='ltr'>urbis,</span> <span class='ocrx_word' id='word_1_24' title='bbox 1285 1017 1352 1067; x_wconf 91' lang='lat' dir='ltr'>et</span> <span class='ocrx_word' id='word_1_25' title='bbox 1376 1023 1461 1067; x_wconf 92' lang='lat' dir='ltr'>ne</span> <span class='ocrx_word' id='word_1_26' title='bbox 1494 1003 1732 1089; x_wconf 88' lang='lat' dir='ltr'>pignus</span> <span class='ocrx_word' id='word_1_27' title='bbox 1763 1015 1894 1065; x_wconf 85' lang='lat' dir='ltr'>tam</span> 
     </span>
     <span class='ocr_line' id='line_1_6' title="bbox 399 1102 1896 1188; baseline -0.003 -22"><span class='ocrx_word' id='word_1_28' title='bbox 399 1103 771 1188; x_wconf 83' lang='lat' dir='ltr'>pretiosum</span> <span class='ocrx_word' id='word_1_29' title='bbox 802 1103 1051 1166; x_wconf 82' lang='lat' dir='ltr'>auferri</span> <span class='ocrx_word' id='word_1_30' title='bbox 1085 1103 1265 1165; x_wconf 84' lang='lat' dir='ltr'>furto</span> <span class='ocrx_word' id='word_1_31' title='bbox 1298 1102 1541 1187; x_wconf 86' lang='lat' dir='ltr'>possit,</span> <span class='ocrx_word' id='word_1_32' title='bbox 1589 1103 1896 1164; x_wconf 80' lang='lat' dir='ltr'><strong>undecim</strong></span> 
     </span>
     <span class='ocr_line' id='line_1_7' title="bbox 405 1200 1897 1268; baseline -0.004 0"><span class='ocrx_word' id='word_1_33' title='bbox 405 1204 730 1268; x_wconf 70' lang='lat' dir='ltr'>similibus</span> <span class='ocrx_word' id='word_1_34' title='bbox 745 1203 890 1266; x_wconf 82' lang='lat' dir='ltr'>aliis</span> <span class='ocrx_word' id='word_1_35' title='bbox 924 1203 1005 1266; x_wconf 90' lang='lat' dir='ltr'>ab</span> <span class='ocrx_word' id='word_1_36' title='bbox 1037 1200 1288 1267; x_wconf 86' lang='lat' dir='ltr'>artifice</span> <span class='ocrx_word' id='word_1_37' title='bbox 1321 1201 1644 1266; x_wconf 78' lang='lat' dir='ltr'>Mamurio</span> <span class='ocrx_word' id='word_1_38' title='bbox 1682 1201 1897 1263; x_wconf 76' lang='lat' dir='ltr'>fabre·</span> 
     </span>
     <span class='ocr_line' id='line_1_8' title="bbox 402 1302 1897 1379; baseline -0.003 -13"><span class='ocrx_word' id='word_1_39' title='bbox 402 1303 635 1379; x_wconf 82' lang='lat' dir='ltr'>factis,</span> <span class='ocrx_word' id='word_1_40' title='bbox 712 1316 855 1365; x_wconf 85' lang='lat' dir='ltr'>tum</span> <span class='ocrx_word' id='word_1_41' title='bbox 914 1303 997 1367; x_wconf 90' lang='lat' dir='ltr'>de</span> <span class='ocrx_word' id='word_1_42' title='bbox 1048 1302 1359 1366; x_wconf 88' lang='lat' dir='ltr'>saliorum</span> <span class='ocrx_word' id='word_1_43' title='bbox 1415 1302 1545 1364; x_wconf 90' lang='lat' dir='ltr'>ritu</span> <span class='ocrx_word' id='word_1_44' title='bbox 1598 1321 1675 1365; x_wconf 87' lang='lat' dir='ltr'>ea</span> <span class='ocrx_word' id='word_1_45' title='bbox 1715 1302 1897 1365; x_wconf 80' lang='lat' dir='ltr'>statis</span> 
     </span>
     <span class='ocr_line' id='line_1_9' title="bbox 402 1402 1896 1488; baseline -0.001 -21"><span class='ocrx_word' id='word_1_46' title='bbox 402 1403 641 1467; x_wconf 87' lang='lat' dir='ltr'>diebus</span> <span class='ocrx_word' id='word_1_47' title='bbox 708 1424 832 1488; x_wconf 88' lang='lat' dir='ltr'>per</span> <span class='ocrx_word' id='word_1_48' title='bbox 891 1404 1124 1466; x_wconf 89' lang='lat' dir='ltr'>urbem</span> <span class='ocrx_word' id='word_1_49' title='bbox 1184 1402 1575 1487; x_wconf 80' lang='lat' dir='ltr'>gestantium</span> <span class='ocrx_word' id='word_1_50' title='bbox 1639 1402 1896 1465; x_wconf 87' lang='lat' dir='ltr'>abunde</span> 
     </span>
     <span class='ocr_line' id='line_1_10' title="bbox 403 1503 1899 1588; baseline -0.001 -20"><span class='ocrx_word' id='word_1_51' title='bbox 403 1517 627 1569; x_wconf 83' lang='lat' dir='ltr'>actum</span> <span class='ocrx_word' id='word_1_52' title='bbox 663 1505 743 1567; x_wconf 87' lang='lat' dir='ltr'>ab</span> <span class='ocrx_word' id='word_1_53' title='bbox 774 1503 1048 1567; x_wconf 85' lang='lat' dir='ltr'>eruditis</span> <span class='ocrx_word' id='word_1_54' title='bbox 1069 1549 1099 1581; x_wconf 54' lang='lat'>,‚</span> <span class='ocrx_word' id='word_1_55' title='bbox 1122 1503 1235 1588; x_wconf 84' lang='lat' dir='ltr'>qui</span> <span class='ocrx_word' id='word_1_56' title='bbox 1268 1503 1434 1565; x_wconf 91' lang='lat' dir='ltr'>ritus</span> <span class='ocrx_word' id='word_1_57' title='bbox 1453 1506 1899 1567; x_wconf 88' lang='lat' dir='ltr'>Romanorum</span> 
     </span>
     <span class='ocr_line' id='line_1_11' title="bbox 404 1598 1903 1690; baseline -0.001 -19"><span class='ocrx_word' id='word_1_58' title='bbox 404 1604 769 1671; x_wconf 79' lang='lat' dir='ltr'>memoriae</span> <span class='ocrx_word' id='word_1_59' title='bbox 815 1598 1195 1690; x_wconf 78' lang='lat' dir='ltr'>prodidere.</span> <span class='ocrx_word' id='word_1_60' title='bbox 1273 1603 1403 1666; x_wconf 87' lang='lat' dir='ltr'>Hie</span> <span class='ocrx_word' id='word_1_61' title='bbox 1446 1623 1609 1668; x_wconf 72' lang='lat' dir='ltr'>vero</span> <span class='ocrx_word' id='word_1_62' title='bbox 1664 1627 1903 1669; x_wconf 85' lang='lat' dir='ltr'>numus</span> 
     </span>
     <span class='ocr_line' id='line_1_12' title="bbox 411 1702 1900 1792; baseline -0.001 -22"><span class='ocrx_word' id='word_1_63' title='bbox 411 1702 653 1770; x_wconf 84' lang='lat' dir='ltr'>ancilis</span> <span class='ocrx_word' id='word_1_64' title='bbox 685 1706 965 1768; x_wconf 86' lang='lat' dir='ltr'>formam</span> <span class='ocrx_word' id='word_1_65' title='bbox 1014 1704 1287 1790; x_wconf 87' lang='lat' dir='ltr'>egregie</span> <span class='ocrx_word' id='word_1_66' title='bbox 1319 1704 1406 1768; x_wconf 92' lang='lat' dir='ltr'>ob</span> <span class='ocrx_word' id='word_1_67' title='bbox 1437 1705 1666 1768; x_wconf 85' lang='lat' dir='ltr'>oculos</span> <span class='ocrx_word' id='word_1_68' title='bbox 1691 1706 1900 1792; x_wconf 84' lang='lat' dir='ltr'>ponit,</span> 
     </span>
     <span class='ocr_line' id='line_1_13' title="bbox 415 1800 1901 1892; baseline -0.003 -21"><span class='ocrx_word' id='word_1_69' title='bbox 415 1822 651 1892; x_wconf 85' lang='lat' dir='ltr'>estque</span> <span class='ocrx_word' id='word_1_70' title='bbox 711 1807 983 1890; x_wconf 76' lang='lat' dir='ltr'>clypeus</span> <span class='ocrx_word' id='word_1_71' title='bbox 1057 1800 1381 1889; x_wconf 79' lang='lat' dir='ltr'>oblongus</span> <span class='ocrx_word' id='word_1_72' title='bbox 1405 1849 1422 1881; x_wconf 93' lang='lat'>,</span> <span class='ocrx_word' id='word_1_73' title='bbox 1485 1820 1552 1873; x_wconf 88' lang='lat' dir='ltr'>et</span> <span class='ocrx_word' id='word_1_74' title='bbox 1593 1807 1776 1869; x_wconf 80' lang='lat' dir='ltr'>velut</span> <span class='ocrx_word' id='word_1_75' title='bbox 1832 1806 1901 1866; x_wconf 88' lang='lat' dir='ltr'>in</span> 
     </span>
     <span class='ocr_line' id='line_1_14' title="bbox 400 1892 1901 1991; baseline -0.001 -20"><span class='ocrx_word' id='word_1_76' title='bbox 400 1922 547 1971; x_wconf 82' lang='lat' dir='ltr'>tres</span> <span class='ocrx_word' id='word_1_77' title='bbox 591 1907 857 1991; x_wconf 79' lang='lat' dir='ltr'>clypeos</span> <span class='ocrx_word' id='word_1_78' title='bbox 922 1907 1209 1969; x_wconf 83' lang='lat' dir='ltr'>minores</span> <span class='ocrx_word' id='word_1_79' title='bbox 1277 1892 1558 1983; x_wconf 82' lang='lat' dir='ltr'>divisus,</span> <span class='ocrx_word' id='word_1_80' title='bbox 1619 1927 1901 1991; x_wconf 87' lang='lat' dir='ltr'>quorum</span> 
     </span>
     <span class='ocr_line' id='line_1_15' title="bbox 406 2007 1900 2090; baseline -0.003 -18"><span class='ocrx_word' id='word_1_81' title='bbox 406 2008 670 2072; x_wconf 82' lang='lat' dir='ltr'>medius</span> <span class='ocrx_word' id='word_1_82' title='bbox 710 2007 963 2069; x_wconf 82' lang='lat' dir='ltr'>fulmen</span> <span class='ocrx_word' id='word_1_83' title='bbox 998 2008 1431 2090; x_wconf 87' lang='lat' dir='ltr'>insculptum,</span> <span class='ocrx_word' id='word_1_84' title='bbox 1479 2019 1546 2070; x_wconf 87' lang='lat' dir='ltr'>et</span> <span class='ocrx_word' id='word_1_85' title='bbox 1587 2007 1900 2072; x_wconf 82' lang='lat' dir='ltr'>volumen</span> 
     </span>
     <span class='ocr_line' id='line_1_16' title="bbox 406 2107 1903 2193; baseline -0.003 -19"><span class='ocrx_word' id='word_1_86' title='bbox 406 2108 811 2174; x_wconf 75' lang='lat' dir='ltr'>contractius</span> <span class='ocrx_word' id='word_1_87' title='bbox 863 2107 1098 2185; x_wconf 86' lang='lat' dir='ltr'>babet,</span> <span class='ocrx_word' id='word_1_88' title='bbox 1142 2121 1213 2169; x_wconf 90' lang='lat' dir='ltr'>ut</span> <span class='ocrx_word' id='word_1_89' title='bbox 1268 2108 1430 2170; x_wconf 89' lang='lat' dir='ltr'>adeo</span> <span class='ocrx_word' id='word_1_90' title='bbox 1467 2123 1742 2193; x_wconf 87' lang='lat' dir='ltr'>utraque</span> <span class='ocrx_word' id='word_1_91' title='bbox 1792 2129 1903 2170; x_wconf 81' lang='lat' dir='ltr'>ex-</span> 
     </span>
     <span class='ocr_line' id='line_1_17' title="bbox 404 2207 1903 2294; baseline -0.001 -20"><span class='ocrx_word' id='word_1_92' title='bbox 404 2210 708 2274; x_wconf 80' lang='lat' dir='ltr'>tremitas</span> <span class='ocrx_word' id='word_1_93' title='bbox 771 2210 980 2294; x_wconf 87' lang='lat' dir='ltr'>magis</span> <span class='ocrx_word' id='word_1_94' title='bbox 1040 2207 1441 2294; x_wconf 85' lang='lat' dir='ltr'>exspatietur</span> <span class='ocrx_word' id='word_1_95' title='bbox 1488 2209 1706 2271; x_wconf 88' lang='lat' dir='ltr'>medio</span> <span class='ocrx_word' id='word_1_96' title='bbox 1760 2226 1903 2273; x_wconf 81' lang='lat' dir='ltr'>arc·</span> 
     </span>
     <span class='ocr_line' id='line_1_18' title="bbox 408 2308 1904 2396; baseline -0.003 -21"><span class='ocrx_word' id='word_1_97' title='bbox 408 2311 613 2375; x_wconf 77' lang='lat' dir='ltr'>tiore.</span> <span class='ocrx_word' id='word_1_98' title='bbox 653 2312 869 2395; x_wconf 83' lang='lat' dir='ltr'>Atque</span> <span class='ocrx_word' id='word_1_99' title='bbox 900 2313 1198 2396; x_wconf 86' lang='lat' dir='ltr'>inspecto</span> <span class='ocrx_word' id='word_1_100' title='bbox 1213 2310 1341 2375; x_wconf 84' lang='lat' dir='ltr'>hoc</span> <span class='ocrx_word' id='word_1_101' title='bbox 1365 2329 1565 2374; x_wconf 91' lang='lat' dir='ltr'>numo</span> <span class='ocrx_word' id='word_1_102' title='bbox 1595 2308 1788 2373; x_wconf 82' lang='lat' dir='ltr'>facile</span> <span class='ocrx_word' id='word_1_103' title='bbox 1792 2309 1904 2393; x_wconf 73' lang='lat' dir='ltr'>jn·</span> 
     </span>
     <span class='ocr_line' id='line_1_19' title="bbox 411 2410 1903 2496; baseline -0.001 -21"><span class='ocrx_word' id='word_1_104' title='bbox 411 2410 809 2496; x_wconf 70' lang='lat' dir='ltr'>telliguntur</span> <span class='ocrx_word' id='word_1_105' title='bbox 856 2427 967 2477; x_wconf 84' lang='lat' dir='ltr'>aut</span> <span class='ocrx_word' id='word_1_106' title='bbox 1008 2411 1210 2476; x_wconf 76' lang='lat' dir='ltr'>verba</span> <span class='ocrx_word' id='word_1_107' title='bbox 1255 2411 1557 2492; x_wconf 83' lang='lat' dir='ltr'>Dionysii</span> <span class='ocrx_word' id='word_1_108' title='bbox 1606 2412 1903 2475; x_wconf 82' lang='lat' dir='ltr'>Halicar-</span> 
     </span>
     <span class='ocr_line' id='line_1_20' title="bbox 404 2500 1900 2594; baseline -0.001 -18"><span class='ocrx_word' id='word_1_109' title='bbox 404 2512 769 2589; x_wconf 80' lang='lat' dir='ltr'>nasseusis,</span> <span class='ocrx_word' id='word_1_110' title='bbox 802 2500 970 2577; x_wconf 83' lang='lat' dir='ltr'>illud</span> <span class='ocrx_word' id='word_1_111' title='bbox 1008 2512 1221 2576; x_wconf 88' lang='lat' dir='ltr'>simile</span> <span class='ocrx_word' id='word_1_112' title='bbox 1257 2532 1401 2575; x_wconf 88' lang='lat' dir='ltr'>esse</span> <span class='ocrx_word' id='word_1_113' title='bbox 1435 2509 1613 2576; x_wconf 50' lang='lat' dir='ltr'>screto</span> <span class='ocrx_word' id='word_1_114' title='bbox 1647 2516 1900 2594; x_wconf 74' lang='lat' dir='ltr'>viryato</span> 
     </span>
     <span class='ocr_line' id='line_1_21' title="bbox 408 2613 1904 2696; baseline -0.002 -18"><span class='ocrx_word' id='word_1_115' title='bbox 408 2618 819 2696; x_wconf 67' lang='lat' dir='ltr'>anqustt’ores</span> <span class='ocrx_word' id='word_1_116' title='bbox 864 2618 1125 2679; x_wconf 68' lang='lat' dir='ltr'>habenti</span> <span class='ocrx_word' id='word_1_117' title='bbox 1155 2616 1424 2679; x_wconf 65' lang='lat' dir='ltr'>lalerum</span> <span class='ocrx_word' id='word_1_118' title='bbox 1452 2617 1765 2678; x_wconf 71' lang='lat' dir='ltr'>cavitates</span> <span class='ocrx_word' id='word_1_119' title='bbox 1792 2613 1904 2676; x_wconf 88' lang='lat' dir='ltr'>ad-</span> 
     </span>
     <span class='ocr_line' id='line_1_22' title="bbox 408 2712 1900 2800; baseline -0.001 -21"><span class='ocrx_word' id='word_1_120' title='bbox 408 2715 660 2779; x_wconf 83' lang='lat' dir='ltr'>serenti</span> <span class='ocrx_word' id='word_1_121' title='bbox 701 2716 793 2793; x_wconf 84' lang='lat'>¹¹),</span> <span class='ocrx_word' id='word_1_122' title='bbox 841 2726 950 2777; x_wconf 84' lang='lat' dir='ltr'>aut</span> <span class='ocrx_word' id='word_1_123' title='bbox 980 2715 1163 2778; x_wconf 87' lang='lat' dir='ltr'>Festi</span> <span class='ocrx_word' id='word_1_124' title='bbox 1180 2715 1517 2800; x_wconf 88' lang='lat' dir='ltr'>prodentis</span> <span class='ocrx_word' id='word_1_125' title='bbox 1550 2712 1654 2797; x_wconf 71' lang='lat' dir='ltr'>b),</span> <span class='ocrx_word' id='word_1_126' title='bbox 1697 2715 1900 2778; x_wconf 82' lang='lat' dir='ltr'>fuisse</span> 
     </span>
     <span class='ocr_line' id='line_1_23' title="bbox 406 2820 1904 2899; baseline -0.002 -18"><span class='ocrx_word' id='word_1_127' title='bbox 406 2839 499 2881; x_wconf 79' lang='lat' dir='ltr'>ea:</span> <span class='ocrx_word' id='word_1_128' title='bbox 525 2827 790 2899; x_wconf 71' lang='lat' dir='ltr'>utroquo</span> <span class='ocrx_word' id='word_1_129' title='bbox 821 2820 1022 2880; x_wconf 81' lang='lat' dir='ltr'>latere</span> <span class='ocrx_word' id='word_1_130' title='bbox 1041 2822 1313 2882; x_wconf 75' lang='lat' dir='ltr'>recisum</span> <span class='ocrx_word' id='word_1_131' title='bbox 1333 2863 1349 2895; x_wconf 95' lang='lat'>,</span> <span class='ocrx_word' id='word_1_132' title='bbox 1382 2824 1789 2881; x_wconf 63' lang='lat' dir='ltr'>uls-nmmum</span> <span class='ocrx_word' id='word_1_133' title='bbox 1807 2821 1904 2878; x_wconf 76' lang='lat' dir='ltr'>in-</span> 
     </span>
     <span class='ocr_line' id='line_1_24' title="bbox 397 2922 1904 3003; baseline -0.001 -23"><span class='ocrx_word' id='word_1_134' title='bbox 397 2924 745 3003; x_wconf 63' lang='lat' dir='ltr'>fimumque</span> <span class='ocrx_word' id='word_1_135' title='bbox 799 2923 942 2996; x_wconf 72' lang='lat' dir='ltr'>ejus</span> <span class='ocrx_word' id='word_1_136' title='bbox 999 2922 1171 2983; x_wconf 71' lang='lat' dir='ltr'>latua</span> <span class='ocrx_word' id='word_1_137' title='bbox 1222 2922 1430 2982; x_wconf 76' lang='lat' dir='ltr'>medio</span> <span class='ocrx_word' id='word_1_138' title='bbox 1463 2930 1748 2999; x_wconf 79' lang='lat' dir='ltr'>pateret,</span> <span class='ocrx_word' id='word_1_139' title='bbox 1793 2931 1904 2979; x_wconf 90' lang='lat' dir='ltr'>aut</span> 
     </span>
     <span class='ocr_line' id='line_1_25' title="bbox 406 3017 1905 3120; baseline -0.001 -38"><span class='ocrx_word' id='word_1_140' title='bbox 406 3017 789 3093; x_wconf 73' lang='lat' dir='ltr'>Plutarchi,</span> <span class='ocrx_word' id='word_1_141' title='bbox 837 3020 945 3103; x_wconf 87' lang='lat' dir='ltr'>qui</span> <span class='ocrx_word' id='word_1_142' title='bbox 982 3019 1151 3120; x_wconf 59' lang='lat' dir='ltr'>ubist.</span> <span class='ocrx_word' id='word_1_143' title='bbox 1166 3024 1546 3093; x_wconf 71' lang='lat' dir='ltr'>incisionem</span> <span class='ocrx_word' id='word_1_144' title='bbox 1575 3022 1804 3082; x_wconf 72' lang='lat' dir='ltr'>habere</span> <span class='ocrx_word' id='word_1_145' title='bbox 1827 3022 1905 3081; x_wconf 69' lang='lat' dir='ltr'>ln·-</span> 
     </span>
     <span class='ocr_line' id='line_1_26' title="bbox 406 3122 1904 3205; baseline -0.002 -20"><span class='ocrx_word' id='word_1_146' title='bbox 406 3140 575 3185; x_wconf 73' lang='lat' dir='ltr'>aeae</span> <span class='ocrx_word' id='word_1_147' title='bbox 597 3122 970 3185; x_wconf 74' lang='lat' dir='ltr'>cochleatim</span> <span class='ocrx_word' id='word_1_148' title='bbox 990 3125 1289 3184; x_wconf 53' lang='lat' dir='ltr'>annulae</span> <span class='ocrx_word' id='word_1_149' title='bbox 1304 3167 1321 3198; x_wconf 94' lang='lat'>,</span> <span class='ocrx_word' id='word_1_150' title='bbox 1349 3142 1552 3205; x_wconf 78' lang='lat' dir='ltr'>neque</span> <span class='ocrx_word' id='word_1_151' title='bbox 1580 3124 1904 3183; x_wconf 62' lang='lat' dir='ltr'>absolvere</span> 
     </span>
     <span class='ocr_line' id='line_1_27' title="bbox 410 3216 1905 3302; baseline -0.001 -18"><span class='ocrx_word' id='word_1_152' title='bbox 410 3224 723 3285; x_wconf 74' lang='lat' dir='ltr'>circulum</span> <span class='ocrx_word' id='word_1_153' title='bbox 758 3228 835 3285; x_wconf 62' lang='lat' dir='ltr'>et</span> <span class='ocrx_word' id='word_1_154' title='bbox 856 3224 1102 3302; x_wconf 82' lang='lat' dir='ltr'>peltam</span> <span class='ocrx_word' id='word_1_155' title='bbox 1133 3216 1429 3285; x_wconf 85' lang='lat' dir='ltr'>adfirmat</span> <span class='ocrx_word' id='word_1_156' title='bbox 1478 3222 1561 3300; x_wconf 60' lang='grc' dir='ltr'>θ).</span> <span class='ocrx_word' id='word_1_157' title='bbox 1616 3224 1764 3284; x_wconf 87' lang='lat' dir='ltr'>Non</span> <span class='ocrx_word' id='word_1_158' title='bbox 1796 3221 1905 3283; x_wconf 87' lang='lat' dir='ltr'>ab·</span> 
     </span>
     <span class='ocr_line' id='line_1_28' title="bbox 416 3320 1904 3387; baseline -0.001 -2"><span class='ocrx_word' id='word_1_159' title='bbox 416 3321 621 3385; x_wconf 75' lang='lat' dir='ltr'>simili</span> <span class='ocrx_word' id='word_1_160' title='bbox 656 3322 853 3387; x_wconf 90' lang='lat' dir='ltr'>modo</span> <span class='ocrx_word' id='word_1_161' title='bbox 886 3321 1279 3385; x_wconf 80' lang='lat' dir='ltr'>exhibentur</span> <span class='ocrx_word' id='word_1_162' title='bbox 1322 3322 1554 3386; x_wconf 79' lang='lat' dir='ltr'>ancilia</span> <span class='ocrx_word' id='word_1_163' title='bbox 1594 3322 1661 3384; x_wconf 85' lang='lat' dir='ltr'>in</span> <span class='ocrx_word' id='word_1_164' title='bbox 1710 3320 1904 3384; x_wconf 88' lang='lat' dir='ltr'>dena·</span> 
     </span>
     <span class='ocr_line' id='line_1_29' title="bbox 412 3420 1904 3510; baseline -0.003 -23"><span class='ocrx_word' id='word_1_165' title='bbox 412 3425 538 3487; x_wconf 80' lang='lat' dir='ltr'>riis</span> <span class='ocrx_word' id='word_1_166' title='bbox 619 3420 834 3510; x_wconf 71' lang='lat' dir='ltr'>gen&#39;tis</span> <span class='ocrx_word' id='word_1_167' title='bbox 893 3424 1186 3487; x_wconf 80' lang='lat' dir='ltr'>Liciniae</span> <span class='ocrx_word' id='word_1_168' title='bbox 1248 3423 1636 3501; x_wconf 76' lang='lat' dir='ltr'>stolonum,</span> <span class='ocrx_word' id='word_1_169' title='bbox 1714 3435 1782 3486; x_wconf 89' lang='lat' dir='ltr'>et</span> <span class='ocrx_word' id='word_1_170' title='bbox 1835 3422 1904 3483; x_wconf 89' lang='lat' dir='ltr'>in</span> 
     </span>
     <span class='ocr_line' id='line_1_30' title="bbox 414 3522 1906 3612; baseline -0.004 -21"><span class='ocrx_word' id='word_1_171' title='bbox 414 3546 678 3612; x_wconf 81' lang='lat' dir='ltr'>gemma</span> <span class='ocrx_word' id='word_1_172' title='bbox 724 3524 1059 3588; x_wconf 83' lang='lat' dir='ltr'>Leonardi</span> <span class='ocrx_word' id='word_1_173' title='bbox 1099 3525 1477 3610; x_wconf 78' lang='lat' dir='ltr'>Augustini,</span> <span class='ocrx_word' id='word_1_174' title='bbox 1524 3543 1689 3610; x_wconf 82' lang='lat' dir='ltr'>quae</span> <span class='ocrx_word' id='word_1_175' title='bbox 1736 3522 1906 3586; x_wconf 85' lang='lat' dir='ltr'>sistit</span> 
     </span>
     <span class='ocr_line' id='line_1_31' title="bbox 408 3626 1904 3703; baseline -0.003 -12"><span class='ocrx_word' id='word_1_176' title='bbox 408 3628 616 3691; x_wconf 81' lang='lat' dir='ltr'>salios</span> <span class='ocrx_word' id='word_1_177' title='bbox 651 3626 814 3689; x_wconf 86' lang='lat' dir='ltr'>duos</span> <span class='ocrx_word' id='word_1_178' title='bbox 866 3626 1120 3689; x_wconf 78' lang='lat' dir='ltr'>velatos</span> <span class='ocrx_word' id='word_1_179' title='bbox 1175 3629 1307 3690; x_wconf 85' lang='lat' dir='ltr'>ritu</span> <span class='ocrx_word' id='word_1_180' title='bbox 1341 3627 1639 3703; x_wconf 79' lang='lat' dir='ltr'>Gabino,</span> <span class='ocrx_word' id='word_1_181' title='bbox 1686 3639 1753 3689; x_wconf 88' lang='lat' dir='ltr'>et</span> <span class='ocrx_word' id='word_1_182' title='bbox 1788 3645 1904 3688; x_wconf 83' lang='lat' dir='ltr'>sex</span> 
     </span>
     <span class='ocr_line' id='line_1_32' title="bbox 408 3726 1901 3812; baseline -0.004 -19"><span class='ocrx_word' id='word_1_183' title='bbox 408 3729 653 3793; x_wconf 85' lang='lat' dir='ltr'>ancilia</span> <span class='ocrx_word' id='word_1_184' title='bbox 695 3747 779 3790; x_wconf 84' lang='lat' dir='ltr'>ex</span> <span class='ocrx_word' id='word_1_185' title='bbox 828 3742 1024 3791; x_wconf 88' lang='lat' dir='ltr'>conto</span> <span class='ocrx_word' id='word_1_186' title='bbox 1077 3747 1388 3812; x_wconf 87' lang='lat' dir='ltr'>suspensa</span> <span class='ocrx_word' id='word_1_187' title='bbox 1434 3739 1763 3812; x_wconf 77' lang='lat' dir='ltr'>gestantes</span> <span class='ocrx_word' id='word_1_188' title='bbox 1813 3726 1901 3807; x_wconf 77' lang='lat' dir='ltr'>d).</span> 
     </span>
     <span class='ocr_line' id='line_1_33' title="bbox 408 3827 1902 3917; baseline -0.002 -24"><span class='ocrx_word' id='word_1_189' title='bbox 408 3832 671 3893; x_wconf 86' lang='lat' dir='ltr'>Eorum</span> <span class='ocrx_word' id='word_1_190' title='bbox 734 3848 1112 3917; x_wconf 83' lang='lat' dir='ltr'>expressam</span> <span class='ocrx_word' id='word_1_191' title='bbox 1174 3827 1456 3892; x_wconf 83' lang='lat' dir='ltr'>formam</span> <span class='ocrx_word' id='word_1_192' title='bbox 1508 3828 1660 3894; x_wconf 80' lang='lat' dir='ltr'>vide</span> <span class='ocrx_word' id='word_1_193' title='bbox 1707 3829 1902 3893; x_wconf 88' lang='lat' dir='ltr'>etiam</span> 
     </span>
     <span class='ocr_line' id='line_1_34' title="bbox 406 3929 1305 4011; baseline -0.006 -16"><span class='ocrx_word' id='word_1_194' title='bbox 406 3935 481 3995; x_wconf 83' lang='lat' dir='ltr'>in</span> <span class='ocrx_word' id='word_1_195' title='bbox 508 3934 746 3997; x_wconf 70' lang='lat' dir='ltr'>Museo</span> <span class='ocrx_word' id='word_1_196' title='bbox 782 3929 1169 3994; x_wconf 81' lang='lat' dir='ltr'>Florentino</span> <span class='ocrx_word' id='word_1_197' title='bbox 1223 3929 1305 4011; x_wconf 61' lang='grc' dir='ltr'>εΞ).</span> 
     </span>
    </p>

    <p class='ocr_par' dir='ltr' id='par_1_4' title="bbox 408 4022 1909 4533">
     <span class='ocr_line' id='line_1_35' title="bbox 546 4022 1905 4116; baseline -0.002 -20"><span class='ocrx_word' id='word_1_198' title='bbox 546 4030 893 4113; x_wconf 85' lang='lat' dir='ltr'>Conjicere</span> <span class='ocrx_word' id='word_1_199' title='bbox 956 4031 1184 4107; x_wconf 85' lang='lat' dir='ltr'>liceat,</span> <span class='ocrx_word' id='word_1_200' title='bbox 1244 4031 1550 4116; x_wconf 87' lang='lat' dir='ltr'>quoniam</span> <span class='ocrx_word' id='word_1_201' title='bbox 1595 4022 1905 4096; x_wconf 84' lang='lat' dir='ltr'>Antonini</span> 
     </span>
     <span class='ocr_line' id='line_1_36' title="bbox 412 4130 1906 4218; baseline -0.002 -21"><span class='ocrx_word' id='word_1_202' title='bbox 412 4132 693 4197; x_wconf 75' lang='lat' dir='ltr'>historia</span> <span class='ocrx_word' id='word_1_203' title='bbox 733 4130 897 4194; x_wconf 89' lang='lat' dir='ltr'>nihil</span> <span class='ocrx_word' id='word_1_204' title='bbox 930 4131 1302 4217; x_wconf 84' lang='lat' dir='ltr'>suppeditat</span> <span class='ocrx_word' id='word_1_205' title='bbox 1322 4133 1564 4218; x_wconf 54' lang='lat' dir='ltr'>{quod</span> <span class='ocrx_word' id='word_1_206' title='bbox 1602 4155 1749 4197; x_wconf 89' lang='lat' dir='ltr'>cum</span> <span class='ocrx_word' id='word_1_207' title='bbox 1796 4155 1906 4195; x_wconf 84' lang='lat' dir='ltr'>an-</span> 
     </span>
     <span class='ocr_line' id='line_1_37' title="bbox 412 4233 1907 4319; baseline -0.003 -18"><span class='ocrx_word' id='word_1_208' title='bbox 412 4234 653 4301; x_wconf 79' lang='lat' dir='ltr'>cilibus</span> <span class='ocrx_word' id='word_1_209' title='bbox 672 4245 1120 4310; x_wconf 85' lang='lat' dir='ltr'>connectatur,</span> <span class='ocrx_word' id='word_1_210' title='bbox 1152 4233 1326 4298; x_wconf 85' lang='lat' dir='ltr'>hunc</span> <span class='ocrx_word' id='word_1_211' title='bbox 1354 4248 1580 4319; x_wconf 85' lang='lat' dir='ltr'>typum</span> <span class='ocrx_word' id='word_1_212' title='bbox 1610 4257 1647 4299; x_wconf 90' lang='lat' dir='ltr'>a</span> <span class='ocrx_word' id='word_1_213' title='bbox 1682 4251 1907 4299; x_wconf 65' lang='lat' dir='ltr'>mone⁴</span> 
     </span>
     <span class='ocr_line' id='line_1_38' title="bbox 412 4332 1909 4420; baseline -0.003 -19"><span class='ocrx_word' id='word_1_214' title='bbox 412 4336 603 4401; x_wconf 82' lang='lat' dir='ltr'>tariis</span> <span class='ocrx_word' id='word_1_215' title='bbox 636 4337 881 4400; x_wconf 88' lang='lat' dir='ltr'>lectum</span> <span class='ocrx_word' id='word_1_216' title='bbox 926 4332 993 4396; x_wconf 92' lang='lat' dir='ltr'>in</span> <span class='ocrx_word' id='word_1_217' title='bbox 1022 4335 1292 4420; x_wconf 84' lang='lat' dir='ltr'>gratiam</span> <span class='ocrx_word' id='word_1_218' title='bbox 1321 4335 1574 4397; x_wconf 84' lang='lat' dir='ltr'>Aurelii</span> <span class='ocrx_word' id='word_1_219' title='bbox 1613 4335 1909 4399; x_wconf 82' lang='lat' dir='ltr'>Caesaris</span> 
     </span>
     <span class='ocr_line' id='line_1_39' title="bbox 408 4432 1906 4533; baseline -0.002 -28"><span class='ocrx_word' id='word_1_220' title='bbox 408 4437 651 4513; x_wconf 71' lang='lat' dir='ltr'>abjuo</span> <span class='ocrx_word' id='word_1_221' title='bbox 682 4434 989 4520; x_wconf 86' lang='lat' dir='ltr'>adoptati.</span> <span class='ocrx_word' id='word_1_222' title='bbox 1069 4435 1174 4500; x_wconf 89' lang='lat' dir='ltr'>De</span> <span class='ocrx_word' id='word_1_223' title='bbox 1207 4437 1336 4500; x_wconf 84' lang='lat' dir='ltr'>hoe</span> <span class='ocrx_word' id='word_1_224' title='bbox 1367 4437 1769 4533; x_wconf 79' lang='lat' dir='ltr'>Capitolinus</span> <span class='ocrx_word' id='word_1_225' title='bbox 1820 4432 1906 4521; x_wconf 63' lang='lat' dir='ltr'>¹)ss</span> 
     </span>
    </p>
   </div>
   <div class='ocr_carea' id='block_1_3' title="bbox 2008 701 3499 768">
    <p class='ocr_par' dir='ltr' id='par_1_5' title="bbox 2008 701 3499 768">
     <span class='ocr_line' id='line_1_40' title="bbox 2008 701 3499 768; baseline 0.001 -3"><span class='ocrx_word' id='word_1_226' title='bbox 2008 722 2160 765; x_wconf 88' lang='lat' dir='ltr'>eum</span> <span class='ocrx_word' id='word_1_227' title='bbox 2206 701 2579 767; x_wconf 79' lang='lat' dir='ltr'>Hadrianus</span> <span class='ocrx_word' id='word_1_228' title='bbox 2639 713 2863 767; x_wconf 81' lang='lat' dir='ltr'>octavo</span> <span class='ocrx_word' id='word_1_229' title='bbox 2923 705 3162 765; x_wconf 73' lang='lat' dir='ltr'>aetatis</span> <span class='ocrx_word' id='word_1_230' title='bbox 3205 726 3375 768; x_wconf 78' lang='lat' dir='ltr'>anno</span> <span class='ocrx_word' id='word_1_231' title='bbox 3428 710 3499 767; x_wconf 75' lang='lat' dir='ltr'>in</span> 
     </span>
    </p>
   </div>
   <div class='ocr_carea' id='block_1_4' title="bbox 1912 806 3500 886">
    <p class='ocr_par' dir='ltr' id='par_1_6' title="bbox 1912 806 3500 886">
     <span class='ocr_line' id='line_1_41' title="bbox 1912 806 3500 886; baseline 0.003 -23"><span class='ocrx_word' id='word_1_232' title='bbox 1912 828 1921 853; x_wconf 52' lang='grc' dir='ltr'><strong><em>κ</em></strong></span> <span class='ocrx_word' id='word_1_233' title='bbox 2007 807 2319 866; x_wconf 69' lang='lat' dir='ltr'>saliorum</span> <span class='ocrx_word' id='word_1_234' title='bbox 2331 807 2667 886; x_wconf 73' lang='lat' dir='ltr'>colleyium</span> <span class='ocrx_word' id='word_1_235' title='bbox 2679 806 2915 866; x_wconf 75' lang='lat' dir='ltr'>retulit.</span> <span class='ocrx_word' id='word_1_236' title='bbox 2961 807 3042 865; x_wconf 82' lang='lat' dir='ltr'>In</span> <span class='ocrx_word' id='word_1_237' title='bbox 3057 807 3300 867; x_wconf 71' lang='lat' dir='ltr'>saliatu</span> <span class='ocrx_word' id='word_1_238' title='bbox 3318 827 3500 869; x_wconf 78' lang='lat' dir='ltr'>omen</span> 
     </span>
    </p>
   </div>
   <div class='ocr_carea' id='block_1_5' title="bbox 2010 907 3513 3206">
    <p class='ocr_par' dir='ltr' id='par_1_7' title="bbox 2010 907 3513 3206">
     <span class='ocr_line' id='line_1_42' title="bbox 2010 907 3502 987; baseline 0.002 -23"><span class='ocrx_word' id='word_1_239' title='bbox 2010 907 2257 984; x_wconf 79' lang='lat' dir='ltr'>accepit</span> <span class='ocrx_word' id='word_1_240' title='bbox 2280 907 2553 987; x_wconf 71' lang='lat' dir='ltr'>imperii.</span> <span class='ocrx_word' id='word_1_241' title='bbox 2625 910 2902 969; x_wconf 69' lang='lat' dir='ltr'>Coronas</span> <span class='ocrx_word' id='word_1_242' title='bbox 2940 909 3229 969; x_wconf 76' lang='lat' dir='ltr'>omnibus</span> <span class='ocrx_word' id='word_1_243' title='bbox 3261 909 3332 967; x_wconf 74' lang='lat' dir='ltr'>in</span> <span class='ocrx_word' id='word_1_244' title='bbox 3357 909 3502 987; x_wconf 72' lang='lat' dir='ltr'>pnl-</span> 
     </span>
     <span class='ocr_line' id='line_1_43' title="bbox 2010 1004 3503 1093; baseline 0.002 -28"><span class='ocrx_word' id='word_1_245' title='bbox 2010 1007 2200 1066; x_wconf 76' lang='lat' dir='ltr'>vinar</span> <span class='ocrx_word' id='word_1_246' title='bbox 2225 1024 2310 1068; x_wconf 75' lang='lat' dir='ltr'>eoe</span> <span class='ocrx_word' id='word_1_247' title='bbox 2335 1027 2508 1070; x_wconf 79' lang='lat' dir='ltr'>more</span> <span class='ocrx_word' id='word_1_248' title='bbox 2519 1009 2923 1085; x_wconf 75' lang='lat' dir='ltr'>jacientibus</span> <span class='ocrx_word' id='word_1_249' title='bbox 2956 1010 3132 1093; x_wconf 70' lang='lat' dir='ltr'>aliae</span> <span class='ocrx_word' id='word_1_250' title='bbox 3159 1010 3316 1068; x_wconf 68' lang='lat' dir='ltr'>aliis</span> <span class='ocrx_word' id='word_1_251' title='bbox 3337 1004 3503 1068; x_wconf 65' lang='lat' dir='ltr'>&#39;locis</span> 
     </span>
     <span class='ocr_line' id='line_1_44' title="bbox 2011 1109 3502 1188; baseline 0.002 -23"><span class='ocrx_word' id='word_1_252' title='bbox 2011 1109 2356 1168; x_wconf 77' lang='lat' dir='ltr'>haeserunt</span> <span class='ocrx_word' id='word_1_253' title='bbox 2372 1151 2389 1181; x_wconf 94' lang='lat'>‚</span> <span class='ocrx_word' id='word_1_254' title='bbox 2418 1111 2610 1185; x_wconf 75' lang='lat' dir='ltr'>hujus</span> <span class='ocrx_word' id='word_1_255' title='bbox 2635 1110 2808 1169; x_wconf 77' lang='lat' dir='ltr'>velut</span> <span class='ocrx_word' id='word_1_256' title='bbox 2821 1129 3019 1169; x_wconf 77' lang='lat' dir='ltr'>manu</span> <span class='ocrx_word' id='word_1_257' title='bbox 3046 1110 3250 1188; x_wconf 74' lang='lat' dir='ltr'>capiti</span> <span class='ocrx_word' id='word_1_258' title='bbox 3269 1110 3502 1169; x_wconf 74' lang='lat' dir='ltr'>Martis</span> 
     </span>
     <span class='ocr_line' id='line_1_45' title="bbox 2011 1210 3500 1288; baseline 0.004 -24"><span class='ocrx_word' id='word_1_259' title='bbox 2011 1214 2238 1283; x_wconf 76' lang='lat' dir='ltr'>aptata</span> <span class='ocrx_word' id='word_1_260' title='bbox 2256 1216 2370 1268; x_wconf 76' lang='lat' dir='ltr'>est.</span> <span class='ocrx_word' id='word_1_261' title='bbox 2414 1210 2570 1269; x_wconf 73' lang='lat' dir='ltr'>Fuit</span> <span class='ocrx_word' id='word_1_262' title='bbox 2582 1212 2653 1270; x_wconf 76' lang='lat' dir='ltr'>in</span> <span class='ocrx_word' id='word_1_263' title='bbox 2669 1227 2743 1271; x_wconf 83' lang='lat' dir='ltr'>eo</span> <span class='ocrx_word' id='word_1_264' title='bbox 2765 1211 3123 1269; x_wconf 78' lang='lat' dir='ltr'>sacerdotio</span> <span class='ocrx_word' id='word_1_265' title='bbox 3145 1220 3210 1270; x_wconf 85' lang='lat' dir='ltr'>et</span> <span class='ocrx_word' id='word_1_266' title='bbox 3214 1212 3500 1288; x_wconf 77' lang='lat' dir='ltr'>praesul,</span> 
     </span>
     <span class='ocr_line' id='line_1_46' title="bbox 2012 1311 3510 1390; baseline 0.003 -23"><span class='ocrx_word' id='word_1_267' title='bbox 2012 1315 2078 1367; x_wconf 85' lang='lat' dir='ltr'>et</span> <span class='ocrx_word' id='word_1_268' title='bbox 2103 1317 2281 1367; x_wconf 83' lang='lat' dir='ltr'>vates</span> <span class='ocrx_word' id='word_1_269' title='bbox 2298 1350 2316 1381; x_wconf 90' lang='lat'>,</span> <span class='ocrx_word' id='word_1_270' title='bbox 2341 1317 2407 1368; x_wconf 81' lang='lat' dir='ltr'>et</span> <span class='ocrx_word' id='word_1_271' title='bbox 2432 1313 2774 1389; x_wconf 70' lang='lat' dir='ltr'>mayt&#39;ster,</span> <span class='ocrx_word' id='word_1_272' title='bbox 2810 1318 2873 1371; x_wconf 81' lang='lat' dir='ltr'>et</span> <span class='ocrx_word' id='word_1_273' title='bbox 2888 1312 3118 1370; x_wconf 79' lang='lat' dir='ltr'>multos</span> <span class='ocrx_word' id='word_1_274' title='bbox 3153 1311 3510 1390; x_wconf 74' lang='lat' dir='ltr'>inauyura·</span> 
     </span>
     <span class='ocr_line' id='line_1_47' title="bbox 2012 1409 3511 1492; baseline 0.005 -27"><span class='ocrx_word' id='word_1_275' title='bbox 2012 1409 2082 1466; x_wconf 76' lang='lat' dir='ltr'>vi</span> <span class='ocrx_word' id='word_1_276' title='bbox 2083 1417 2124 1481; x_wconf 87' lang='lat' dir='ltr'>t,</span> <span class='ocrx_word' id='word_1_277' title='bbox 2143 1416 2210 1468; x_wconf 83' lang='lat' dir='ltr'>et</span> <span class='ocrx_word' id='word_1_278' title='bbox 2228 1412 2634 1488; x_wconf 71' lang='lat' dir='ltr'>exauquravz&#39;</span> <span class='ocrx_word' id='word_1_279' title='bbox 2635 1420 2664 1471; x_wconf 83' lang='lat' dir='ltr'>t</span> <span class='ocrx_word' id='word_1_280' title='bbox 2672 1413 2920 1471; x_wconf 76' lang='lat' dir='ltr'>nemine</span> <span class='ocrx_word' id='word_1_281' title='bbox 2923 1421 3294 1489; x_wconf 79' lang='lat' dir='ltr'>praeeunte,</span> <span class='ocrx_word' id='word_1_282' title='bbox 3315 1414 3511 1492; x_wconf 73' lang='lat' dir='ltr'>‘quod</span> 
     </span>
     <span class='ocr_line' id='line_1_48' title="bbox 2016 1510 3508 1587; baseline 0.003 -20"><span class='ocrx_word' id='word_1_283' title='bbox 2016 1510 2152 1587; x_wconf 73' lang='lat' dir='ltr'>ipse</span> <span class='ocrx_word' id='word_1_284' title='bbox 2166 1511 2456 1570; x_wconf 71' lang='lat' dir='ltr'>carmina</span> <span class='ocrx_word' id='word_1_285' title='bbox 2477 1519 2706 1571; x_wconf 74' lang='lat' dir='ltr'>cuncta</span> <span class='ocrx_word' id='word_1_286' title='bbox 2718 1512 3069 1572; x_wconf 70' lang='lat' dir='ltr'>didicisset.</span> <span class='ocrx_word' id='word_1_287' title='bbox 3115 1510 3267 1571; x_wconf 89' lang='lat' dir='ltr'>Fuit</span> <span class='ocrx_word' id='word_1_288' title='bbox 3288 1520 3508 1571; x_wconf 80' lang='lat' dir='ltr'>auteni</span> 
     </span>
     <span class='ocr_line' id='line_1_49' title="bbox 2015 1607 3504 1686; baseline 0.005 -19"><span class='ocrx_word' id='word_1_289' title='bbox 2015 1607 2329 1668; x_wconf 87' lang='lat' dir='ltr'>saliorum</span> <span class='ocrx_word' id='word_1_290' title='bbox 2378 1629 2613 1676; x_wconf 82' lang='lat' dir='ltr'>munus</span> <span class='ocrx_word' id='word_1_291' title='bbox 2651 1622 2719 1670; x_wconf 89' lang='lat' dir='ltr'>et</span> <span class='ocrx_word' id='word_1_292' title='bbox 2750 1629 3049 1686; x_wconf 82' lang='lat' dir='ltr'>movere,</span> <span class='ocrx_word' id='word_1_293' title='bbox 3096 1623 3164 1673; x_wconf 86' lang='lat' dir='ltr'>et</span> <span class='ocrx_word' id='word_1_294' title='bbox 3214 1608 3504 1675; x_wconf 85' lang='lat' dir='ltr'>condere</span> 
     </span>
     <span class='ocr_line' id='line_1_50' title="bbox 2016 1708 3507 1795; baseline 0.001 -25"><span class='ocrx_word' id='word_1_295' title='bbox 2016 1708 2270 1770; x_wconf 77' lang='lat' dir='ltr'>ancilia.</span> <span class='ocrx_word' id='word_1_296' title='bbox 2353 1708 2533 1770; x_wconf 88' lang='lat' dir='ltr'>Fieri</span> <span class='ocrx_word' id='word_1_297' title='bbox 2579 1722 2869 1793; x_wconf 87' lang='lat' dir='ltr'>poterat,</span> <span class='ocrx_word' id='word_1_298' title='bbox 2931 1716 3039 1788; x_wconf 71' lang='lat' dir='ltr'>fit,</span> <span class='ocrx_word' id='word_1_299' title='bbox 3100 1731 3266 1795; x_wconf 90' lang='lat' dir='ltr'>quae</span> <span class='ocrx_word' id='word_1_300' title='bbox 3313 1729 3507 1774; x_wconf 85' lang='lat' dir='ltr'>eausa</span> 
     </span>
     <span class='ocr_line' id='line_1_51' title="bbox 2017 1806 3509 1897; baseline 0.004 -28"><span class='ocrx_word' id='word_1_301' title='bbox 2017 1807 2209 1889; x_wconf 86' lang='lat' dir='ltr'>hujus</span> <span class='ocrx_word' id='word_1_302' title='bbox 2260 1806 2395 1895; x_wconf 85' lang='lat' dir='ltr'>typi</span> <span class='ocrx_word' id='word_1_303' title='bbox 2430 1827 2574 1871; x_wconf 90' lang='lat' dir='ltr'>esse</span> <span class='ocrx_word' id='word_1_304' title='bbox 2606 1811 2852 1892; x_wconf 86' lang='lat' dir='ltr'>potuit,</span> <span class='ocrx_word' id='word_1_305' title='bbox 2913 1810 3265 1896; x_wconf 87' lang='lat' dir='ltr'>peculiaris</span> <span class='ocrx_word' id='word_1_306' title='bbox 3313 1833 3509 1897; x_wconf 85' lang='lat' dir='ltr'>quae-</span> 
     </span>
     <span class='ocr_line' id='line_1_52' title="bbox 2018 1909 3513 1997; baseline 0.003 -26"><span class='ocrx_word' id='word_1_307' title='bbox 2018 1909 2164 1971; x_wconf 86' lang='lat' dir='ltr'>dam</span> <span class='ocrx_word' id='word_1_308' title='bbox 2241 1910 2634 1974; x_wconf 83' lang='lat' dir='ltr'>caerimonia</span> <span class='ocrx_word' id='word_1_309' title='bbox 2723 1912 2805 1973; x_wconf 87' lang='lat' dir='ltr'>ad</span> <span class='ocrx_word' id='word_1_310' title='bbox 2870 1912 3106 1976; x_wconf 86' lang='lat' dir='ltr'>ancilia</span> <span class='ocrx_word' id='word_1_311' title='bbox 3171 1912 3513 1997; x_wconf 70' lang='lat' dir='ltr'>pertinens</span> 
     </span>
     <span class='ocr_line' id='line_1_53' title="bbox 2016 2010 3505 2096; baseline 0.002 -24"><span class='ocrx_word' id='word_1_312' title='bbox 2016 2010 2191 2072; x_wconf 82' lang='lat' dir='ltr'>eirca</span> <span class='ocrx_word' id='word_1_313' title='bbox 2255 2012 2435 2073; x_wconf 86' lang='lat' dir='ltr'>istud</span> <span class='ocrx_word' id='word_1_314' title='bbox 2493 2027 2747 2095; x_wconf 80' lang='lat' dir='ltr'>tempus</span> <span class='ocrx_word' id='word_1_315' title='bbox 2784 2025 3216 2096; x_wconf 84' lang='lat' dir='ltr'>perageretur</span> <span class='ocrx_word' id='word_1_316' title='bbox 3239 2057 3256 2089; x_wconf 93' lang='lat'>‚</span> <span class='ocrx_word' id='word_1_317' title='bbox 3321 2013 3505 2096; x_wconf 83' lang='lat' dir='ltr'>cujus</span> 
     </span>
     <span class='ocr_line' id='line_1_54' title="bbox 2016 2111 3509 2194; baseline 0.002 -20"><span class='ocrx_word' id='word_1_318' title='bbox 2016 2111 2181 2174; x_wconf 87' lang='lat' dir='ltr'>adeo</span> <span class='ocrx_word' id='word_1_319' title='bbox 2263 2113 2475 2176; x_wconf 84' lang='lat' dir='ltr'>honos</span> <span class='ocrx_word' id='word_1_320' title='bbox 2539 2112 2615 2174; x_wconf 88' lang='lat' dir='ltr'>ad</span> <span class='ocrx_word' id='word_1_321' title='bbox 2694 2125 3044 2194; x_wconf 87' lang='lat' dir='ltr'>utrumque</span> <span class='ocrx_word' id='word_1_322' title='bbox 3107 2113 3509 2176; x_wconf 87' lang='lat' dir='ltr'>Antoninum</span> 
     </span>
     <span class='ocr_line' id='line_1_55' title="bbox 2018 2206 3510 2297; baseline 0.003 -24"><span class='ocrx_word' id='word_1_323' title='bbox 2018 2206 2386 2294; x_wconf 82' lang='lat' dir='ltr'>spectabat,</span> <span class='ocrx_word' id='word_1_324' title='bbox 2460 2212 2544 2275; x_wconf 86' lang='lat' dir='ltr'>ad</span> <span class='ocrx_word' id='word_1_325' title='bbox 2586 2216 2884 2275; x_wconf 78' lang='lat' dir='ltr'>Marcum</span> <span class='ocrx_word' id='word_1_326' title='bbox 2928 2212 3192 2276; x_wconf 84' lang='lat' dir='ltr'>saliatus</span> <span class='ocrx_word' id='word_1_327' title='bbox 3243 2235 3510 2297; x_wconf 90' lang='lat' dir='ltr'>praesu·</span> 
     </span>
     <span class='ocr_line' id='line_1_56' title="bbox 2015 2306 3508 2400; baseline 0.002 -25"><span class='ocrx_word' id='word_1_328' title='bbox 2015 2306 2191 2391; x_wconf 81' lang='lat' dir='ltr'>Iem&#39;,</span> <span class='ocrx_word' id='word_1_329' title='bbox 2239 2326 2307 2375; x_wconf 88' lang='lat' dir='ltr'>et</span> <span class='ocrx_word' id='word_1_330' title='bbox 2341 2313 2533 2377; x_wconf 87' lang='lat' dir='ltr'>Pium</span> <span class='ocrx_word' id='word_1_331' title='bbox 2573 2314 2939 2397; x_wconf 87' lang='lat' dir='ltr'>Augustum</span> <span class='ocrx_word' id='word_1_332' title='bbox 2978 2327 3209 2398; x_wconf 88' lang='lat' dir='ltr'>utpote</span> <span class='ocrx_word' id='word_1_333' title='bbox 3247 2314 3508 2400; x_wconf 84' lang='lat' dir='ltr'>pontifi-</span> 
     </span>
     <span class='ocr_line' id='line_1_57' title="bbox 2019 2413 3505 2494; baseline 0.004 -18"><span class='ocrx_word' id='word_1_334' title='bbox 2019 2434 2163 2476; x_wconf 90' lang='lat' dir='ltr'>cem</span> <span class='ocrx_word' id='word_1_335' title='bbox 2209 2413 2602 2493; x_wconf 83' lang='lat' dir='ltr'>maximum3</span> <span class='ocrx_word' id='word_1_336' title='bbox 2646 2435 2797 2477; x_wconf 89' lang='lat' dir='ltr'>nam</span> <span class='ocrx_word' id='word_1_337' title='bbox 2834 2435 3011 2476; x_wconf 86' lang='lat' dir='ltr'>arma</span> <span class='ocrx_word' id='word_1_338' title='bbox 3052 2416 3314 2494; x_wconf 84' lang='lat' dir='ltr'>Martis,</span> <span class='ocrx_word' id='word_1_339' title='bbox 3365 2419 3505 2482; x_wconf 83' lang='lat' dir='ltr'>sive</span> 
     </span>
     <span class='ocr_line' id='line_1_58' title="bbox 2017 2513 3511 2603; baseline 0.003 -26"><span class='ocrx_word' id='word_1_340' title='bbox 2017 2513 2263 2577; x_wconf 26' lang='lat' dir='ltr'>ancilia*</span> <span class='ocrx_word' id='word_1_341' title='bbox 2290 2533 2373 2578; x_wconf 79' lang='lat' dir='ltr'>ex</span> <span class='ocrx_word' id='word_1_342' title='bbox 2392 2515 2686 2578; x_wconf 90' lang='lat' dir='ltr'>instituto</span> <span class='ocrx_word' id='word_1_343' title='bbox 2708 2514 3024 2598; x_wconf 79' lang='lat' dir='ltr'>majorum</span> <span class='ocrx_word' id='word_1_344' title='bbox 3055 2535 3318 2601; x_wconf 84' lang='lat' dir='ltr'>semper</span> <span class='ocrx_word' id='word_1_345' title='bbox 3336 2514 3511 2603; x_wconf 81' lang='lat' dir='ltr'>apud</span> 
     </span>
     <span class='ocr_line' id='line_1_59' title="bbox 2018 2611 3507 2703; baseline 0.002 -25"><span class='ocrx_word' id='word_1_346' title='bbox 2018 2637 2344 2680; x_wconf 88' lang='lat' dir='ltr'>summum</span> <span class='ocrx_word' id='word_1_347' title='bbox 2402 2611 2784 2700; x_wconf 81' lang='lat' dir='ltr'>pontificem</span> <span class='ocrx_word' id='word_1_348' title='bbox 2839 2615 3302 2695; x_wconf 81' lang='lat' dir='ltr'>servabantur,</span> <span class='ocrx_word' id='word_1_349' title='bbox 3364 2618 3507 2703; x_wconf 88' lang='lat' dir='ltr'>ipse</span> 
     </span>
     <span class='ocr_line' id='line_1_60' title="bbox 2021 2710 3508 2801; baseline -0.001 -21"><span class='ocrx_word' id='word_1_350' title='bbox 2021 2737 2179 2780; x_wconf 86' lang='lat' dir='ltr'>vero</span> <span class='ocrx_word' id='word_1_351' title='bbox 2205 2731 2373 2781; x_wconf 88' lang='lat' dir='ltr'>teste</span> <span class='ocrx_word' id='word_1_352' title='bbox 2410 2716 2777 2801; x_wconf 88' lang='lat' dir='ltr'>Capitolino</span> <span class='ocrx_word' id='word_1_353' title='bbox 2815 2717 3069 2779; x_wconf 88' lang='lat' dir='ltr'>nullum</span> <span class='ocrx_word' id='word_1_354' title='bbox 3110 2710 3508 2781; x_wconf 80' lang='lat' dir='ltr'>sacrificium</span> 
     </span>
     <span class='ocr_line' id='line_1_61' title="bbox 2016 2816 3502 2903; baseline 0 -23"><span class='ocrx_word' id='word_1_355' title='bbox 2016 2839 2140 2902; x_wconf 88' lang='lat' dir='ltr'>per</span> <span class='ocrx_word' id='word_1_356' title='bbox 2170 2818 2483 2882; x_wconf 80' lang='lat' dir='ltr'>vicarium</span> <span class='ocrx_word' id='word_1_357' title='bbox 2524 2817 2718 2894; x_wconf 85' lang='lat' dir='ltr'>fecit,</span> <span class='ocrx_word' id='word_1_358' title='bbox 2762 2816 2890 2879; x_wconf 85' lang='lat' dir='ltr'>nisi</span> <span class='ocrx_word' id='word_1_359' title='bbox 2938 2838 3087 2882; x_wconf 86' lang='lat' dir='ltr'>cum</span> <span class='ocrx_word' id='word_1_360' title='bbox 3123 2838 3325 2903; x_wconf 85' lang='lat' dir='ltr'>aeger</span> <span class='ocrx_word' id='word_1_361' title='bbox 3356 2819 3502 2882; x_wconf 84' lang='lat' dir='ltr'>fuit.</span> 
     </span>
     <span class='ocr_line' id='line_1_62' title="bbox 2021 2918 3509 3003; baseline 0.002 -22"><span class='ocrx_word' id='word_1_362' title='bbox 2021 2918 2154 2981; x_wconf 86' lang='lat' dir='ltr'>Sed</span> <span class='ocrx_word' id='word_1_363' title='bbox 2190 2928 2259 2982; x_wconf 90' lang='lat' dir='ltr'>et</span> <span class='ocrx_word' id='word_1_364' title='bbox 2298 2918 2460 2983; x_wconf 87' lang='lat' dir='ltr'>lecti</span> <span class='ocrx_word' id='word_1_365' title='bbox 2484 2918 2677 3000; x_wconf 87' lang='lat' dir='ltr'>hujus</span> <span class='ocrx_word' id='word_1_366' title='bbox 2713 2918 2852 3002; x_wconf 87' lang='lat' dir='ltr'>typi</span> <span class='ocrx_word' id='word_1_367' title='bbox 2886 2939 3078 2982; x_wconf 88' lang='lat' dir='ltr'>causa</span> <span class='ocrx_word' id='word_1_368' title='bbox 3112 2937 3259 2982; x_wconf 77' lang='lat' dir='ltr'>esse</span> <span class='ocrx_word' id='word_1_369' title='bbox 3293 2918 3509 3003; x_wconf 87' lang='lat' dir='ltr'>potuit</span> 
     </span>
     <span class='ocr_line' id='line_1_63' title="bbox 2019 3019 3509 3095; baseline 0.003 -16"><span class='ocrx_word' id='word_1_370' title='bbox 2019 3033 2211 3081; x_wconf 86' lang='lat' dir='ltr'>notus</span> <span class='ocrx_word' id='word_1_371' title='bbox 2245 3020 2558 3095; x_wconf 78' lang='lat' dir='ltr'>Antonini</span> <span class='ocrx_word' id='word_1_372' title='bbox 2600 3020 2669 3081; x_wconf 91' lang='lat' dir='ltr'>in</span> <span class='ocrx_word' id='word_1_373' title='bbox 2716 3040 2825 3082; x_wconf 82' lang='lat' dir='ltr'>res</span> <span class='ocrx_word' id='word_1_374' title='bbox 2856 3019 3036 3083; x_wconf 87' lang='lat' dir='ltr'>urbis</span> <span class='ocrx_word' id='word_1_375' title='bbox 3085 3033 3345 3083; x_wconf 80' lang='lat' dir='ltr'>veteres</span> <span class='ocrx_word' id='word_1_376' title='bbox 3397 3020 3509 3083; x_wconf 84' lang='lat' dir='ltr'>ad-</span> 
     </span>
     <span class='ocr_line' id='line_1_64' title="bbox 2017 3105 3508 3206; baseline -0.001 -22"><span class='ocrx_word' id='word_1_377' title='bbox 2017 3120 2230 3184; x_wconf 82' lang='lat' dir='ltr'>fectus</span> <span class='ocrx_word' id='word_1_378' title='bbox 2252 3165 2269 3197; x_wconf 90' lang='lat'>,</span> <span class='ocrx_word' id='word_1_379' title='bbox 2315 3118 2397 3182; x_wconf 90' lang='lat' dir='ltr'>de</span> <span class='ocrx_word' id='word_1_380' title='bbox 2430 3142 2559 3206; x_wconf 90' lang='lat' dir='ltr'>quo</span> <span class='ocrx_word' id='word_1_381' title='bbox 2585 3141 2852 3206; x_wconf 86' lang='lat' dir='ltr'>agemus</span> <span class='ocrx_word' id='word_1_382' title='bbox 2879 3118 3048 3182; x_wconf 84' lang='lat' dir='ltr'>infra</span> <span class='ocrx_word' id='word_1_383' title='bbox 3085 3135 3235 3203; x_wconf 88' lang='lat' dir='ltr'>post</span> <span class='ocrx_word' id='word_1_384' title='bbox 3263 3105 3508 3186; x_wconf 75' lang='lat' dir='ltr'>seriem=</span> 
     </span>
    </p>
   </div>
   <div class='ocr_carea' id='block_1_6' title="bbox 2020 3221 3305 3362">
    <p class='ocr_par' dir='ltr' id='par_1_8' title="bbox 2020 3221 3305 3362">
     <span class='ocr_line' id='line_1_65' title="bbox 2020 3221 3305 3306; baseline -0.002 -19"><span class='ocrx_word' id='word_1_385' title='bbox 2020 3221 2553 3306; x_wconf 83' lang='lat' dir='ltr'>chronologicam</span> <span class='ocrx_word' id='word_1_386' title='bbox 2588 3243 2936 3286; x_wconf 88' lang='lat' dir='ltr'>numorum</span> <span class='ocrx_word' id='word_1_387' title='bbox 2974 3222 3305 3285; x_wconf 86' lang='lat' dir='ltr'>Antonini.</span> 
     </span>
     <span class='ocr_line' id='line_1_66' title="bbox 2744 3322 2784 3362; baseline 0 -3"><span class='ocrx_word' id='word_1_388' title='bbox 2744 3322 2784 3362; x_wconf 56' lang='grc' dir='ltr'>«β</span> 
     </span>
    </p>
   </div>
   <div class='ocr_carea' id='block_1_7' title="bbox 2015 3366 3509 4520">
    <p class='ocr_par' dir='ltr' id='par_1_9' title="bbox 2579 3366 2620 3405">
     <span class='ocr_line' id='line_1_67' title="bbox 2579 3366 2620 3405; baseline 0 0"><span class='ocrx_word' id='word_1_389' title='bbox 2579 3366 2620 3405; x_wconf 67' lang='grc' dir='ltr'>σε</span> 
     </span>
    </p>

    <p class='ocr_par' dir='ltr' id='par_1_10' title="bbox 2015 3427 3509 3910">
     <span class='ocr_line' id='line_1_68' title="bbox 2315 3427 2659 3487; baseline 0 0"><span class='ocrx_word' id='word_1_390' title='bbox 2315 3429 2400 3487; x_wconf 82' lang='lat' dir='ltr'>Vt</span> <span class='ocrx_word' id='word_1_391' title='bbox 2439 3429 2533 3486; x_wconf 79' lang='lat' dir='ltr'>lit.</span> <span class='ocrx_word' id='word_1_392' title='bbox 2574 3427 2659 3487; x_wconf 83' lang='lat' dir='ltr'>A.</span> 
     </span>
     <span class='ocr_line' id='line_1_69' title="bbox 2018 3523 3509 3608; baseline 0 -17"><span class='ocrx_word' id='word_1_393' title='bbox 2018 3526 2459 3591; x_wconf 83' lang='lat' dir='ltr'>APOLLINI.</span> <span class='ocrx_word' id='word_1_394' title='bbox 2499 3523 2937 3593; x_wconf 81' lang='lat' dir='ltr'>AVGVSTO.</span> <span class='ocrx_word' id='word_1_395' title='bbox 2981 3528 3215 3605; x_wconf 81' lang='lat' dir='ltr'>Apollo</span> <span class='ocrx_word' id='word_1_396' title='bbox 3253 3537 3509 3608; x_wconf 73' lang='lat' dir='ltr'>loqutus</span> 
     </span>
     <span class='ocr_line' id='line_1_70' title="bbox 2019 3624 3509 3708; baseline 0.001 -18"><span class='ocrx_word' id='word_1_397' title='bbox 2019 3636 2197 3690; x_wconf 72' lang='lat' dir='ltr'>stitus</span> <span class='ocrx_word' id='word_1_398' title='bbox 2236 3630 2299 3688; x_wconf 65' lang='grc' dir='ltr'>ἃ.</span> <span class='ocrx_word' id='word_1_399' title='bbox 2322 3638 2618 3708; x_wconf 80' lang='lat' dir='ltr'>pateram</span> <span class='ocrx_word' id='word_1_400' title='bbox 2638 3624 2665 3700; x_wconf 80' lang='lat'>,‘</span> <span class='ocrx_word' id='word_1_401' title='bbox 2713 3648 2763 3703; x_wconf 66' lang='grc' dir='ltr'>ς.</span> <span class='ocrx_word' id='word_1_402' title='bbox 2794 3630 3021 3705; x_wconf 78' lang='lat' dir='ltr'>lyram.</span> <span class='ocrx_word' id='word_1_403' title='bbox 3066 3627 3207 3695; x_wconf 89' lang='lat' dir='ltr'>AV.</span> <span class='ocrx_word' id='word_1_404' title='bbox 3271 3628 3509 3708; x_wconf 84' lang='lat' dir='ltr'>(Thes.</span> 
     </span>
     <span class='ocr_line' id='line_1_71' title="bbox 2015 3726 3503 3818; baseline 0.001 -27"><span class='ocrx_word' id='word_1_405' title='bbox 2015 3728 2290 3818; x_wconf 63' lang='lat' dir='ltr'>Brund.)</span> <span class='ocrx_word' id='word_1_406' title='bbox 2367 3730 2502 3790; x_wconf 79' lang='lat' dir='ltr'>AR.</span> <span class='ocrx_word' id='word_1_407' title='bbox 2567 3739 2633 3790; x_wconf 83' lang='lat' dir='ltr'>et</span> <span class='ocrx_word' id='word_1_408' title='bbox 2675 3731 2898 3790; x_wconf 79' lang='lat' dir='ltr'>addito</span> <span class='ocrx_word' id='word_1_409' title='bbox 2976 3726 3042 3788; x_wconf 84' lang='lat' dir='ltr'>S.</span> <span class='ocrx_word' id='word_1_410' title='bbox 3107 3729 3180 3791; x_wconf 88' lang='lat' dir='ltr'>C.</span> <span class='ocrx_word' id='word_1_411' title='bbox 3255 3730 3395 3791; x_wconf 81' lang='grc' dir='ltr'>ΔΕ.</span> <span class='ocrx_word' id='word_1_412' title='bbox 3456 3733 3503 3794; x_wconf 85' lang='lat'>1.</span> 
     </span>
     <span class='ocr_line' id='line_1_72' title="bbox 2021 3831 2489 3910; baseline -0.004 -18"><span class='ocrx_word' id='word_1_413' title='bbox 2021 3833 2221 3910; x_wconf 83' lang='lat' dir='ltr'>(Mus.</span> <span class='ocrx_word' id='word_1_414' title='bbox 2274 3831 2489 3905; x_wconf 74' lang='lat' dir='ltr'>Caes.)</span> 
     </span>
    </p>

    <p class='ocr_par' dir='ltr' id='par_1_11' title="bbox 2016 3927 3509 4520">
     <span class='ocr_line' id='line_1_73' title="bbox 2146 3927 3509 4016; baseline -0.002 -22"><span class='ocrx_word' id='word_1_415' title='bbox 2146 3930 2389 4016; x_wconf 82' lang='lat' dir='ltr'>Apollo</span> <span class='ocrx_word' id='word_1_416' title='bbox 2420 3929 2507 3992; x_wconf 84' lang='lat' dir='ltr'>&#39;in</span> <span class='ocrx_word' id='word_1_417' title='bbox 2551 3928 2654 3991; x_wconf 89' lang='lat' dir='ltr'>his</span> <span class='ocrx_word' id='word_1_418' title='bbox 2697 3927 2911 3990; x_wconf 90' lang='lat' dir='ltr'>numis</span> <span class='ocrx_word' id='word_1_419' title='bbox 2969 3944 3390 4012; x_wconf 81' lang='lat' dir='ltr'>comparens,</span> <span class='ocrx_word' id='word_1_420' title='bbox 3437 3940 3509 3991; x_wconf 85' lang='lat' dir='ltr'>ut</span> 
     </span>
     <span class='ocr_line' id='line_1_74' title="bbox 2021 4027 3504 4113; baseline -0.005 -16"><span class='ocrx_word' id='word_1_421' title='bbox 2021 4033 2235 4097; x_wconf 81' lang='lat' dir='ltr'>cultus</span> <span class='ocrx_word' id='word_1_422' title='bbox 2284 4032 2509 4107; x_wconf 88' lang='lat' dir='ltr'>docet,</span> <span class='ocrx_word' id='word_1_423' title='bbox 2556 4027 2783 4094; x_wconf 81' lang='lat' dir='ltr'>Actius</span> <span class='ocrx_word' id='word_1_424' title='bbox 2824 4042 2925 4091; x_wconf 86' lang='lat' dir='ltr'>est</span> <span class='ocrx_word' id='word_1_425' title='bbox 2967 4049 3200 4113; x_wconf 88' lang='lat' dir='ltr'>magna</span> <span class='ocrx_word' id='word_1_426' title='bbox 3238 4027 3392 4089; x_wconf 88' lang='lat' dir='ltr'>inde</span> <span class='ocrx_word' id='word_1_427' title='bbox 3422 4028 3504 4091; x_wconf 88' lang='lat' dir='ltr'>ab</span> 
     </span>
     <span class='ocr_line' id='line_1_75' title="bbox 2021 4118 3502 4218; baseline -0.006 -20"><span class='ocrx_word' id='word_1_428' title='bbox 2021 4134 2317 4218; x_wconf 80' lang='lat' dir='ltr'>Augusto</span> <span class='ocrx_word' id='word_1_429' title='bbox 2365 4132 2446 4194; x_wconf 89' lang='lat' dir='ltr'>ab</span> <span class='ocrx_word' id='word_1_430' title='bbox 2480 4118 2986 4215; x_wconf 85' lang='lat' dir='ltr'>imperatoribus</span> <span class='ocrx_word' id='word_1_431' title='bbox 3024 4127 3109 4190; x_wconf 91' lang='lat' dir='ltr'>ob</span> <span class='ocrx_word' id='word_1_432' title='bbox 3140 4127 3384 4191; x_wconf 83' lang='lat' dir='ltr'>victum</span> <span class='ocrx_word' id='word_1_433' title='bbox 3419 4126 3502 4190; x_wconf 85' lang='lat' dir='ltr'>ad</span> 
     </span>
     <span class='ocr_line' id='line_1_76' title="bbox 2016 4227 3500 4315; baseline -0.005 -18"><span class='ocrx_word' id='word_1_434' title='bbox 2016 4233 2304 4299; x_wconf 75' lang='lat' dir='ltr'>vicinum</span> <span class='ocrx_word' id='word_1_435' title='bbox 2383 4231 2524 4315; x_wconf 89' lang='lat' dir='ltr'>ejus</span> <span class='ocrx_word' id='word_1_436' title='bbox 2592 4229 2910 4313; x_wconf 89' lang='lat' dir='ltr'>templum</span> <span class='ocrx_word' id='word_1_437' title='bbox 2982 4230 3072 4289; x_wconf 77' lang='lat' dir='ltr'>M.</span> <span class='ocrx_word' id='word_1_438' title='bbox 3144 4227 3500 4291; x_wconf 88' lang='lat' dir='ltr'>Antonium</span> 
     </span>
     <span class='ocr_line' id='line_1_77' title="bbox 2020 4328 3503 4420; baseline -0.007 -19"><span class='ocrx_word' id='word_1_439' title='bbox 2020 4336 2346 4420; x_wconf 86' lang='lat' dir='ltr'>religione</span> <span class='ocrx_word' id='word_1_440' title='bbox 2384 4330 2797 4405; x_wconf 81' lang='lat' dir='ltr'>observatus,</span> <span class='ocrx_word' id='word_1_441' title='bbox 2843 4348 2918 4391; x_wconf 85' lang='lat' dir='ltr'>ac</span> <span class='ocrx_word' id='word_1_442' title='bbox 2962 4338 3313 4413; x_wconf 86' lang='lat' dir='ltr'>propterea</span> <span class='ocrx_word' id='word_1_443' title='bbox 3356 4328 3503 4412; x_wconf 80' lang='lat' dir='ltr'>jure</span> 
     </span>
     <span class='ocr_line' id='line_1_78' title="bbox 2021 4430 3019 4520; baseline -0.01 -18"><span class='ocrx_word' id='word_1_444' title='bbox 2021 4443 2311 4520; x_wconf 66' lang='lat' dir='ltr'>Aequam</span> <span class='ocrx_word' id='word_1_445' title='bbox 2350 4431 2613 4509; x_wconf 89' lang='lat' dir='ltr'>nomine</span> <span class='ocrx_word' id='word_1_446' title='bbox 2651 4430 3019 4495; x_wconf 87' lang='lat' dir='ltr'>decoratus.</span> 
     </span>
    </p>
   </div>
   <div class='ocr_carea' id='block_1_8' title="bbox 2910 3366 2948 3406">
    <p class='ocr_par' dir='ltr' id='par_1_12' title="bbox 2910 3366 2948 3406">
     <span class='ocr_line' id='line_1_79' title="bbox 2910 3366 2948 3406; baseline 0 -5"><span class='ocrx_word' id='word_1_447' title='bbox 2910 3366 2948 3406; x_wconf 60' lang='lat' dir='ltr'><em>k</em></span> 
     </span>
    </p>
   </div>
   <div class='ocr_carea' id='block_1_9' title="bbox 420 4580 3509 4609">
    <p class='ocr_par' dir='ltr' id='par_1_13' title="bbox 420 4580 3509 4609">
     <span class='ocr_line' id='line_1_80' title="bbox 420 4580 3509 4609; baseline 0 975"><span class='ocrx_word' id='word_1_448' title='bbox 420 4580 3509 4609; x_wconf 95' lang='lat' dir='ltr'> </span> 
     </span>
    </p>
   </div>
   <div class='ocr_carea' id='block_1_10' title="bbox 410 4665 1173 4836">
    <p class='ocr_par' dir='ltr' id='par_1_14' title="bbox 410 4665 1173 4836">
     <span class='ocr_line' id='line_1_81' title="bbox 522 4665 1173 4746; baseline 0.005 -22"><span class='ocrx_word' id='word_1_449' title='bbox 522 4673 584 4741; x_wconf 77' lang='lat' dir='ltr'>a)</span> <span class='ocrx_word' id='word_1_450' title='bbox 621 4670 692 4730; x_wconf 86' lang='lat' dir='ltr'>L.</span> <span class='ocrx_word' id='word_1_451' title='bbox 732 4665 805 4727; x_wconf 82' lang='grc' dir='ltr'>ΙΙ.</span> <span class='ocrx_word' id='word_1_452' title='bbox 844 4689 906 4746; x_wconf 88' lang='lat' dir='ltr'>p.</span> <span class='ocrx_word' id='word_1_453' title='bbox 944 4688 1022 4727; x_wconf 88' lang='lat' dir='ltr'>m.</span> <span class='ocrx_word' id='word_1_454' title='bbox 1047 4680 1173 4744; x_wconf 77' lang='lat'>129.</span> 
     </span>
     <span class='ocr_line' id='line_1_82' title="bbox 410 4755 1073 4836; baseline -0.011 -15"><span class='ocrx_word' id='word_1_455' title='bbox 410 4764 476 4836; x_wconf 88' lang='lat' dir='ltr'>e)</span> <span class='ocrx_word' id='word_1_456' title='bbox 518 4760 684 4822; x_wconf 80' lang='lat' dir='ltr'>Tom.</span> <span class='ocrx_word' id='word_1_457' title='bbox 720 4759 796 4820; x_wconf 81' lang='lat'>11.</span> <span class='ocrx_word' id='word_1_458' title='bbox 824 4755 945 4819; x_wconf 83' lang='lat' dir='ltr'>tab.</span> <span class='ocrx_word' id='word_1_459' title='bbox 984 4768 1073 4822; x_wconf 83' lang='lat'>23.</span> 
     </span>
    </p>
   </div>
   <div class='ocr_carea' id='block_1_11' title="bbox 1218 4670 1854 4833">
    <p class='ocr_par' dir='ltr' id='par_1_15' title="bbox 1218 4670 1854 4833">
     <span class='ocr_line' id='line_1_83' title="bbox 1314 4670 1854 4746; baseline 0.006 -18"><span class='ocrx_word' id='word_1_460' title='bbox 1314 4671 1383 4746; x_wconf 89' lang='lat' dir='ltr'>b)</span> <span class='ocrx_word' id='word_1_461' title='bbox 1417 4670 1854 4732; x_wconf 82' lang='lat' dir='ltr'>in&#39;Mamurius.</span> 
     </span>
     <span class='ocr_line' id='line_1_84' title="bbox 1218 4757 1793 4833; baseline 0.009 -17"><span class='ocrx_word' id='word_1_462' title='bbox 1218 4757 1270 4833; x_wconf 70' lang='grc' dir='ltr'>ὓ</span> <span class='ocrx_word' id='word_1_463' title='bbox 1311 4761 1371 4819; x_wconf 87' lang='lat' dir='ltr'>iu</span> <span class='ocrx_word' id='word_1_464' title='bbox 1410 4761 1486 4821; x_wconf 82' lang='lat' dir='ltr'>M.</span> <span class='ocrx_word' id='word_1_465' title='bbox 1526 4761 1793 4824; x_wconf 81' lang='lat' dir='ltr'>Aurelio.</span> 
     </span>
    </p>
   </div>
   <div class='ocr_carea' id='block_1_12' title="bbox 1224 5012 1259 5093">
    <p class='ocr_par' dir='ltr' id='par_1_16' title="bbox 1224 5012 1259 5093">
     <span class='ocr_line' id='line_1_85' title="bbox 1224 5012 1259 5093; baseline 0 0"><span class='ocrx_word' id='word_1_466' title='bbox 1224 5012 1259 5093; x_wconf 62' lang='lat' dir='ltr'>s]</span> 
     </span>
    </p>
   </div>
   <div class='ocr_carea' id='block_1_13' title="bbox 1112 5096 1247 5128">
    <p class='ocr_par' dir='ltr' id='par_1_17' title="bbox 1112 5096 1247 5128">
     <span class='ocr_line' id='line_1_86' title="bbox 1112 5096 1247 5128; baseline 0 0"><span class='ocrx_word' id='word_1_467' title='bbox 1112 5096 1247 5128; x_wconf 37' lang='grc' dir='ltr'>’κῃ-,Ἀ</span> 
     </span>
    </p>
   </div>
   <div class='ocr_carea' id='block_1_14' title="bbox 2004 4669 2397 4745">
    <p class='ocr_par' dir='ltr' id='par_1_18' title="bbox 2004 4669 2397 4745">
     <span class='ocr_line' id='line_1_87' title="bbox 2004 4669 2397 4745; baseline -0.008 -16"><span class='ocrx_word' id='word_1_468' title='bbox 2004 4673 2067 4745; x_wconf 88' lang='lat' dir='ltr'>c)</span> <span class='ocrx_word' id='word_1_469' title='bbox 2102 4670 2165 4729; x_wconf 86' lang='lat' dir='ltr'>in</span> <span class='ocrx_word' id='word_1_470' title='bbox 2189 4669 2397 4729; x_wconf 81' lang='lat' dir='ltr'>Numa.</span> 
     </span>
    </p>
   </div>
   <div class='ocr_carea' id='block_1_15' title="bbox 2546 4663 3499 4741">
    <p class='ocr_par' dir='ltr' id='par_1_19' title="bbox 2546 4663 3499 4741">
     <span class='ocr_line' id='line_1_88' title="bbox 2546 4663 3499 4741; baseline -0.007 -16"><span class='ocrx_word' id='word_1_471' title='bbox 2546 4664 2615 4741; x_wconf 83' lang='lat' dir='ltr'>d)</span> <span class='ocrx_word' id='word_1_472' title='bbox 2657 4666 2883 4725; x_wconf 86' lang='lat' dir='ltr'>Gemm.</span> <span class='ocrx_word' id='word_1_473' title='bbox 2911 4675 3029 4725; x_wconf 80' lang='lat' dir='ltr'>aut.</span> <span class='ocrx_word' id='word_1_474' title='bbox 3057 4665 3117 4724; x_wconf 89' lang='lat' dir='ltr'>P.</span> <span class='ocrx_word' id='word_1_475' title='bbox 3149 4664 3195 4726; x_wconf 85' lang='lat'>1.</span> <span class='ocrx_word' id='word_1_476' title='bbox 3234 4663 3355 4724; x_wconf 76' lang='lat' dir='ltr'>tab.</span> <span class='ocrx_word' id='word_1_477' title='bbox 3378 4673 3499 4728; x_wconf 80' lang='lat'><strong>152.</strong></span> 
     </span>
    </p>
   </div>
  </div>
 </body>
</html>
