4475 5584
1371 514 1382 523 ι
1475 459 2247 539 GALLIENVS'

278 648 421 732 AB.
463 646 661 732 (Mus.
691 644 911 726 Caes.)
939 643 1085 716 VII.
1124 643 1197 706 P.
1221 643 1363 711 vn.
1399 642 1477 710 F.
1511 645 1769 725 (Band.)

277 749 484 815 LEG.
536 750 739 819 vnn.
800 749 1005 814 AVG.
1048 748 1161 833 VI.
1219 745 1295 807 P.
1342 745 1452 813 Vt.
1497 748 1573 810 F.
1621 751 1772 813 lev.

277 847 476 936 (Mus.
533 850 754 929 Caes.)
855 849 1047 912 Alter
1105 861 1262 930 typo
1322 850 1648 911 Victoriae
1706 859 1774 911 et

274 957 572 1039 aquilae,
619 972 816 1037 quem
859 970 1010 1013 cum
1043 948 1289 1017 „eadem
1341 949 1766 1033 inscriptione

275 1054 682 1128 &indm-ius,
745 1040 813 1115 et
859 1051 939 1114 ab
992 1050 1122 1116 hoe
1168 1052 1484 1134 deceptus
1529 1069 1657 1135 ego
1700 1051 1768 1112 in

277 1157 596 1240 Catalogo
645 1176 808 1217 mus.
863 1155 1050 1217 Caes.
1103 1151 1481 1229 citavimus,
1544 1151 1772 1236 legen·

276 1258 404 1321 (lus
443 1257 620 1321 haud
664 1254 863 1318 dubie
905 1254 1105 1317 LEG.
1151 1252 1233 1324 V.
1282 1254 1487 1317 MAC.
1574 1253 1772 1316 Certe

278 1358 639 1433 Caesareus
669 1380 705 1439 a
736 1376 841 1419 me
874 1374 1131 1418 rursum
1171 1369 1415 1421 attente
1440 1356 1775 1440 inspectus

277 1478 410 1521 non
445 1457 627 1521 aliud
663 1459 875 1521 docet.

277 1558 477 1622 LEG.
520 1559 601 1621 X.
646 1560 859 1623 GEM.
903 1561 1015 1627 Vt.
1059 1561 1137 1621 P.
1179 1560 1297 1629 VI.
1343 1559 1424 1625 F.
1501 1561 1772 1621 Taurus.

278 1665 422 1724 AR.
452 1664 654 1743 (Mus.
686 1659 903 1741 Caes.)

221 1786 228 1791 ·
282 1762 485 1829 LEG.
520 1762 632 1825 xl.
673 1763 805 1831 CL.
850 1764 966 1830 Vt.
1005 1764 1080 1823 P.
1126 1761 1238 1827 Vl.
1286 1758 1363 1823 F.
1444 1762 1778 1839 Neptunus

285 1877 470 1930 stans
507 1869 575 1928 d.
634 1869 966 1927 tridentem
982 1908 1001 1939 ‚
1060 1887 1115 1926 a.
1178 1864 1562 1937 delphinum.
1635 1860 1773 1923 AR.

207 2046 222 2057 .
286 1970 490 2046 (Mus.
523 1965 739 2049 Caes.)
801 1963 1024 2027 Addo:
1068 1964 1271 2028 LEG.
1303 1961 1415 2023 XI.
1460 1962 1533 2027 C.
1573 1963 1649 2023 P.
1697 1962 1775 2022 F.

289 2071 474 2148 Lupa
498 2089 638 2131 cum
662 2072 958 2151 yemim's,
1005 2066 1073 2127 in
1112 2084 1372 2151 gemma
1389 2049 1608 2126 Musei
1626 2064 1778 2125 Flo·

291 2169 532 2231 rentini
566 2173 762 2234 Tom.
789 2171 866 2230 11.
896 2168 1022 2231 tab.
1062 2186 1154 2250 tq.

285 2271 491 2334 LEG.
519 2272 691 2332 XIII.
733 2270 1083 2339 GEM.v1.
1115 2272 1188 2331 P.
1214 2269 1326 2339 vt.
1360 2270 1439 2332 F.
1489 2267 1780 2331 Victor-m

286 2376 597 2453 yradtens
635 2376 704 2434 el.
743 2375 1031 2433 lauream
1077 2373 1264 2450 offert
1277 2414 1296 2448 ‚
1350 2381 1472 2450 pro
1505 2370 1780 2451 pedibus

288 2476 411 2536 lea.
455 2472 591 2533 AR.
638 2476 838 2553 (Mus.
876 2471 1094 2550 Caes.)

284 2571 488 2636 LEG.
533 2575 739 2636 XIIII.
777 2572 1135 2640 GEM.V1.
1182 2575 1257 2637 P.
1295 2574 1407 2643 VI.
1452 2574 1529 2637 F.
1604 2573 1781 2633 Idem

288 2687 501 2756 typus.
539 2677 677 2739 AR.
711 2675 980 2758 (Band.)
1025 2677 1097 2736 In
1129 2674 1294 2739 alio:
1343 2676 1781 2757 Capricornus.

288 2775 505 2857 (ibid.)

289 2878 492 2943 LEG.
536 2828 888 2950 IIXX.V1.
932 2881 1004 2940 P.
1044 2879 1157 2945 vt.
1192 2874 1270 2938 F.
1344 2878 1780 2955 Capricornus,

287 2980 359 3042 in
412 2981 577 3042 alio·
638 2982 806 3042 idem
847 2984 1039 3042 undis
1097 2984 1438 3054 Innatam,
1494 2974 1564 3037 in
1610 2973 1780 3038 alio.

288 3080 723 3148 vn.P.v11.
761 3080 838 3141 F.
876 3080 1190 3159 (omncs
1172 3102 1236 3141 m
1276 3081 1459 3142 Mus.
1478 3078 1694 3156 Caes.)

211 3198 248 3220 ··
288 3180 493 3248 LEG.
553 3181 700 3247 XX.
742 3184 852 3251 vl.
911 3185 984 3246 P.
1033 3182 1139 3253 vl.
1198 3180 1275 3242 F.
1340 3181 1778 3263 Capricornus.

287 3286 429 3348 AR.
456 3283 716 3364 (vain.)

292 3383 491 3447 LEG.
543 3387 717 3447 xxt.
754 3382 1106 3450 GEM.V1.
1142 3383 1217 3443 P.
1256 3382 1372 3445 VI.
1404 3378 1480 3442 F.
1569 3383 1781 3482 Typsts

407 3490 479 3549 s‘n
516 3490 636 3568 leq·
683 3489 873 3550 ΧΙΙΙ.
923 3485 1194 3564 (Band.)
1266 3485 1468 3544 Forte
1517 3495 1582 3545 et
1632 3501 1783 3567 per-

290 3606 517 3671 peram
561 3588 806 3651 lectum
837 3587 1019 3650 XXI.
1053 3607 1177 3671 pro
1207 3585 1387 3650 xltt.

294 3789 436 3853 AR.
487 3792 684 3868 (Mus.
723 3789 909 3854 Caes.
944 3789 1174 3868 Bamb)

293 3889 496 3955 LEG.
526 3892 731 3957 XXX.
765 3894 960 3959 VLP.
997 3890 1114 3959 Vl.
1136 3892 1211 3953 P.
1242 3890 1357 3960 Vl.
1391 3891 1486 3954 F.
1549 3892 1786 3970 Neptu-

296 4006 417 4056 aas
451 4004 630 4057 stans
663 3999 724 4057 d.
746 3998 1112 4070 tridentem,
1153 4015 1204 4055 s.
1225 3986 1611 4075 delphinum.
1643 3993 1782 4051 AR.

295 4094 532 4177 (Band.
567 4098 737 4159 Mus.
781 4095 1000 4175 Caes.)

425 4197 709 4260 Illustris
737 4196 848 4262 hic
893 4196 1229 4283 legionum
1273 4197 1608 4281 catalogus
1650 4212 1785 4256 non

297 4319 501 4384 pauca
522 4298 734 4379 ,offert
765 4297 1117 4362 observatu
1147 4298 1380 4384 digna,
1419 4297 1592 4359 inter
1618 4314 1785 4382 quae

296 4401 679 4487 cumprimis
746 4400 1154 4465 memorandi
1201 4400 1360 4485 typi.
1460 4396 1820 4479 Vidimus„
1851 4386 1865 4399 ⁶

1886 646 2177 729 singulas
2216 645 2559 731 proprium
2596 666 2783 710 suum
2823 643 3068 730 jactare
3113 667 3232 714 seu
3266 672 3387 714 nu-

1888 767 2038 809 men
2074 749 2462 833 quodpiam,
2518 768 2633 811 seu
2687 748 2962 824 animal,
3010 750 3147 814 sive
3194 765 3396 837 natue,

1883 849 2058 926 tale,
2117 850 2257 913 sive
2302 847 2562 937 fictum.
2665 839 3224 936 Ejusexempla‘
3246 849 3382 936 jam

1885 951 2167 1016 vidimus
2227 951 2298 1012 in
2341 951 2588 1019 ssnumis
2662 952 3045 1035 provinciae
3110 952 3381 1030 Daciae,

1886 1068 1954 1116 et
2014 1053 2313 1116 coloniae
2359 1053 2744 1129 Viminacii,
2808 1067 2948 1117 tum
3005 1069 3073 1118 et
3134 1054 3390 1120 videbi-

1887 1174 2031 1216 mus
2080 1154 2251 1217 infra
2296 1154 2362 1216 in
2411 1156 2628 1218 numis
2662 1154 3025 1233 Victorini,
3072 1143 3389 1234 Carausii,

1888 1254 2168 1340 aliisque
2201 1255 2679 1331 monumentis,
2743 1258 2909 1339 quae
2958 1278 3112 1320 mox
3165 1257 3391 1342 profe-

1888 1378 2051 1420 ram.
2143 1357 2295 1452 Quo
2343 1369 2537 1441 pacto
2580 1358 2704 1418 hae
2741 1356 3058 1441 imagines
3107 1359 3189 1421 ad
3225 1359 3394 1423 indi-

1891 1459 2127 1523 candas
2157 1459 2456 1543 legiones
2492 1457 2888 1533 referantur,
2924 1479 3166 1543 anceps
3193 1481 3391 1543 quac·
3444 1488 3451 1497 ·

1891 1560 2039 1624 stio.
2128 1560 2510 1630 Verisimile
2556 1572 2689 1634 est,
2750 1558 2956 1642 signis
3001 1579 3111 1622 eas
3155 1561 3395 1625 milita-

1887 1646 2070 1725 ribus
2116 1660 2460 1739 serviisse,
2526 1681 2673 1725 cum
2721 1660 2899 1742 quod
2938 1660 3009 1721 in
3051 1660 3389 1727 nonnullis

1885 1763 2234 1843 Viminaeii
2298 1763 2515 1828 numia
2573 1760 2915 1837 videmus,
2986 1775 3245 1826 taurum
3301 1781 3384 1830 no

1885 1866 2189 1944 leonem,
2234 1864 2519 1951 legionis
2561 1864 2704 1932 VII.
2751 1884 2826 1928 ac
2871 1864 3015 1928 1111.
3059 1863 3386 1946 symbols,

1892 1968 1964 2030 in
2024 1968 2168 2051 ipso
2224 1967 2397 2050 signi
2462 1965 2764 2033 militaris
2840 1966 3026 2050 apice
3081 1969 3391 2051 proponi,

1893 2058 2032 2134 tuin
2071 2067 2247 2155 quod
2283 2080 2534 2131 constat
2576 2086 2658 2129 ex
2694 2067 2990 2150 Appiano
3024 2069 3116 2146 ⁸),
3181 2067 3395 2153 legio·

1898 2172 1967 2233 ni
1998 2173 2082 2238 V.
2116 2182 2264 2253 post
2298 2166 2570 2230 relatam
2604 2167 2673 2228 in
2707 2167 2932 2231 Africa
2968 2168 3050 2232 de
3080 2169 3395 2254 elephan-

1894 2271 1978 2334 tis
2035 2269 2378 2335 victoriam
2441 2266 2647 2331 fuisse
2689 2267 3059 2347 indultum,
3120 2284 3194 2333 nt
3254 2269 3395 2334 ele-

1894 2370 2210 2457 phantum
2268 2370 2337 2431 in
2408 2369 2614 2453 signis
2658 2371 3049 2434 militaribus
3091 2371 3393 2440 haberet.

1895 2475 1984 2536 At
2019 2472 2194 2536 enim
2229 2491 2381 2535 cum
2407 2484 2702 2547 constet,
2747 2471 3029 2556 aquilam
3067 2471 3273 2535 fuisse
3291 2472 3393 2535 iu-

1895 2574 2084 2661 signe
2141 2571 2427 2658 legionis
2474 2571 2814 2634 ⁴Romanae
2868 2592 3000 2634 non
3063 2571 3265 2637 modo
3306 2573 3391 2637 ab
3466 2606 3481 2615 .

1894 2674 2360 2762 antiquissimis
2437 2673 2884 2757 temporibus,
2969 2673 3089 2736 sed
3166 2674 3391 2755 etiam,

1894 2776 2205 2865 quamdiu
2255 2795 2333 2839 ea
2380 2775 2595 2847 stetit,
2639 2788 2895 2837 certum
2929 2774 3225 2852 videtur,
3271 2777 3392 2843 has

1893 2879 2213 2963 imagines
2258 2896 2342 2941 ex
2386 2874 2758 2940 cohortium
2802 2875 3006 2959 signis
3055 2874 3123 2938 in
3159 2897 3391 2941 numo-

1890 3002 2040 3045 rum
2099 2974 2324 3067 typum
2384 2978 2589 3041 fuisse
2650 2975 3027 3051 advocatas,
3105 2966 3401 3064 cumque=

1847 3100 1856 3105 ·
1889 3083 2070 3168 legio
2117 3102 2199 3146 ex
2231 3079 2532 3166 pluribus
2567 3077 2951 3142 cohortibus
2999 3080 3392 3171 eonstiterit,

1847 3205 2149 3277 ‘causam
2207 3196 2550 3269 tenemus,
2615 3200 2735 3244 eur
2792 3198 3254 3266 nonnunquam
3313 3182 3386 3245 in

1891 3285 1994 3350 his
2052 3285 2268 3349 numis
2327 3304 2454 3345 una
2510 3279 2873 3366 eademque
2938 3280 3118 3366 legio
3176 3286 3389 3348 varias

1889 3387 2092 3474 jactet
2125 3386 2485 3472 imagines,
2527 3404 2591 3448 v.
2618 3402 2677 3445 e.
2703 3381 2884 3471 legio
2917 3384 2965 3443 1.
3003 3382 3226 3449 Italica
3255 3383 3383 3468 jam

1895 3509 2162 3574 aprum,
2221 3489 2355 3575 jam
2411 3484 2908 3571 capricornum,
2962 3483 3092 3566 jam
3147 3485 3431 3561 bovem,

1547 3630 1556 3640 -
1811 3648 1828 3659 .,
1877 3591 2256 3669 marinum,
2340 3588 2471 3675 jam
2546 3585 2768 3671 lupam
2844 3605 2996 3649 cum
3064 3588 3392 3671 gemellis.

291 3685 496 3752 LEG.
537 3676 740 3750 XXII.
772 3691 885 3757 Vl.
926 3690 1003 3751 P.
1045 3689 1163 3756 VI.
1193 3686 1273 3753 F.
1343 3686 1780 3767 Cecprs‘cortmt-
1831 3714 1836 3719 ·

1898 3693 2166 3757 Certum
2213 3710 2377 3757 vero
2414 3701 2551 3766 est,
2596 3686 2906 3779 cohortes
2939 3701 3235 3771 separata
3276 3710 3394 3752 sua

1895 3792 2205 3859 habuisse
2253 3793 2476 3875 signa,
2522 3788 2606 3851 de
2640 3808 2773 3874 quo
2822 3803 3210 3873 argumento
3240 3809 3395 3876 agn·

1898 3910 2008 3957 tur
2039 3888 2233 3968 alibi,
2282 3912 2356 3955 ac
2373 3888 2716 3976 probabile
2755 3888 2923 3951 adeo
2956 3890 3148 3952 etiam
3171 3934 3189 3966 ,
3233 3891 3393 3955 ima-

1863 3978 2087 4080 'gines
2141 3994 2208 4056 in
2258 3988 2717 4077 praesentibus
2762 3988 2979 4051 numis
3021 3991 3393 4076 propositas
3516 4008 3521 4015 ⁴

1899 4094 2237 4181 legionum
2266 4091 2673 4175 singularum
2703 4090 3046 4153 cohortem
3079 4084 3391 4176 primam,

1899 4211 2011 4262 aut
2039 4195 2284 4260 siillae
2316 4191 2681 4271 variarunt,
2724 4191 3033 4283 cohortes
3046 4190 3395 4295 primariaq

1898 4297 2295 4385 respexisse.

2029 4398 2168 4463 Iam
2198 4397 2359 4462 alias
2392 4394 2818 4481 comprobavi
2843 4389 2948 4477 1>),
2978 4405 3192 4482 typos,
3227 4412 3392 4481 quos

288 4578 3383 4623 *w

362 4727 425 4801 .>
464 4722 609 4786 sen.
649 4723 758 4789 civ.
798 4722 846 4784 1.
904 4722 981 4787 n.

1167 4719 1238 4799 b>
1277 4720 1451 4783 Num.
1491 4731 1604 4782 vet.
1644 4742 1703 4800 p.
1744 4731 1836 4786 50.

2710 4813 2987 4878 Eeea

3214 480 3362 555 403
