4475 5584
1457 418 2162 500 GORDIANVS
2233 418 2366 499 111.

332 612 501 687 erit,
545 629 666 675 cnr
701 623 1054 695 utrumque
1118 625 1358 671 numen
1404 606 1534 672 hoc
1576 609 1846 673 nomine

342 712 825 799 appellaretur,
873 723 941 774 et
974 721 1116 775 'cur
1150 708 1578 793 inscriptione
1624 710 1845 795 potius

341 821 636 891 Graeca,
701 835 895 899 quam
951 811 1187 875 Latina
1245 811 1314 872 in
1390 811 1607 874 numis
1667 832 1845 879 com-

344 921 537 987 matis
592 914 874 983 Romani
921 914 1018 977 uti
1070 913 1433 998 placuerit,
1490 913 1840 993 incertum,

332 1036 405 1086 ut
430 1021 574 1104 ejus
616 1018 760 1083 aevi
787 1019 1103 1101 pleraque
1145 1013 1528 1090 alim-Istud
1563 1028 1841 1092 certum,

339 1121 438 1185 illi
471 1166 490 1197 ,
548 1120 660 1204 qui
712 1132 940 1204 typum
990 1115 1163 1183 hunc
1212 1115 1598 1201 imperavit,
1644 1139 1845 1203 quan-

344 1208 497 1289 dam
525 1219 923 1307 antiquitatis
972 1219 1403 1283 imitationem
1455 1217 1658 1281 fuisse
1693 1239 1848 1303 pro·

348 1326 669 1416 positam,
716 1323 893 1409 quod
942 1335 1213 1407 apparet
1269 1341 1351 1382 ex
1386 1320 1718 1384 elemento
1754 1316 1844 1397 Σ,

346 1451 475 1515 qua
516 1428 730 1490 forma
767 1423 935 1490 illud
982 1424 1137 1485 inde
1176 1421 1257 1485 ab
1300 1421 1635 1484 Hadriano
1674 1442 1846 1498 raro,

350 1530 507 1592 inde
559 1527 641 1594 ab
689 1526 1025 1604 Antonino
1072 1525 1199 1616 Piq
1256 1533 1623 1614 nunquam,
1670 1523 1849 1608 quod

350 1632 551 1697 sciam
578 1673 596 1706 ,
639 1630 708 1692 in
756 1642 942 1693 certo
995 1639 1420 1690 monumento
1473 1639 1700 1687 vetere
1742 1647 1853 1690 oc-

351 1734 599 1809 currit,
643 1730 726 1793 de
758 1750 891 1814 quo
924 1729 1072 1792 vide
1114 1727 1307 1813 plura
1322 1727 1475 1797 Vol.
1509 1728 1558 1790 1.
1594 1749 1659 1813 p.
1683 1721 1857 1792 0111.

356 1838 427 1899 in
456 1830 987 1919 Prolegomenis.

926 1978 966 2018 st
1091 1933 1131 1973 ψ
1257 1972 1298 2013 0

640 2040 884 2102 Ante‘ca
919 2041 1181 2100 incerta.
1629 2040 1644 2054 ⁶

344 2139 1008 2212 uvamENTIA.
1095 2124 1554 2202 cenulam.
1649 2135 1853 2205 AVG.

344 2247 898 2324 Amphitheatmm
935 2229 1305 2303 Flauiorum
1325 2285 1344 2315 ,
1389 2241 1460 2300 iu
1477 2262 1603 2322 quo
1631 2250 1856 2304 taurus

344 2359 413 2414 et
448 2350 703 2430 elephas
721 2344 1215 2415 committuntur,
1240 2343 1389 2402 hinc
1404 2351 1470 2403 et
1488 2343 1672 2403 illinc
1691 2345 1859 2404 duae

348 2454 541 2514 aedes
555 2492 573 2524 ,
620 2451 714 2508 ad
750 2450 926 2508 latus
981 2448 1315 2505 dexterum
1356 2445 1571 2524 fiyura
1631 2454 1855 2525 τομαῖα

348 2562 551 2614 stane.
594 2549 734 2610 ΔΕ.
765 2567 849 2608 ιιι.
887 2567 971 2606 ιιι.
1004 2544 1234 2628 (Vaill.
1269 2543 1558 2623 Albani.)

483 2653 590 2715 De
649 2648 973 2715 vocabulo
1048 2649 1726 2722 MVNIFICENTIA,
1790 2660 1858 2710 et

356 2752 713 2835 conjuncto
747 2762 883 2814 tum
917 2764 1075 2833 typo
1110 2748 1445 2832 elephanti
1476 2747 1601 2830 jam
1642 2749 1751 2834 egi
1789 2749 1854 2811 in

356 2855 575 2918 numia
634 2851 951 2917 Antonini
1010 2851 1094 2913 ad
1149 2871 1390 2912 annum
1443 2851 1530 2915 V.
1583 2850 1655 2911 C.
1708 2867 1856 2932 qou.

355 2957 803 3042 Elephantos‚
865 2952 931 3014 in
986 2951 1161 3014 ludis
1216 2951 1635 3016 Circensib‘us
1686 2975 1853 3017 anno

351 3060 437 3127 V.
473 3061 545 3122 C.
573 3057 700 3122 586
729 3055 1013 3140 primum
1050 3073 1441 3138 progressos
1472 3053 1856 3139 scripsitLi·

353 3161 505 3226 vius
540 3165 618 3239 ⁸).
679 3161 891 3222 Aucto
937 3177 1085 3220 cum
1122 3154 1560 3236 opibus‘luxu
1595 3157 1853 3241 saepius

353 3264 423 3328 in
460 3280 725 3326 scenam
750 3258 970 3323 vocati
1013 3257 1359 3324 utillustre
1380 3259 1851 3342 spectaculum,

356 3364 455 3428 sic
506 3360 854 3446 aliquoties
897 3358 1348 3438 miserandum.
1385 3359 1654 3423 dedere.
1727 3362 1861 3424 Eo-

357 3485 508 3529 rum
580 3462 846 3527 omnino
899 3461 1137 3530 XVIII.
1207 3461 1564 3545 Pompcjus
1634 3464 1724 3523 M.
1788 3461 1852 3523 in

365 3585 487 3636 suo
522 3566 865 3629 consulatu
905 3566 983 3624 11.
1046 3561 1333 3638 induxit,
1380 3584 1545 3647 quos
1593 3582 1717 3646 per
1757 3563 1857 3625 lu·

357 3669 515 3733 dum
548 3686 777 3732 caesos
810 3665 1218 3747 laniatosque
1258 3663 1400 3747 ipse
1438 3665 1722 3748 populus
1755 3677 1857 3753 est

363 3770 746 3845 miseratus,
792 3788 940 3831 cum
984 3765 1083 3827 illi
1132 3766 1420 3850 acceptis
1472 3767 1855 3830 vulneribus

355 3894 394 3937 a
448 3892 666 3957 pugna
719 3869 1154 3941 desisterent,
1215 3868 1853 3955 circumeuntesque,

240 4032 255 4040 -
363 3987 434 4038 et
480 3972 671 4038 elatis
719 3972 795 4036 in
856 3971 1055 4033 altum
1104 3969 1607 4055 proboscidibus
1637 3992 1869 4054 opem.

360 4075 750 4143 viderentur
779 4086 1222 4156 spectatorum
1252 4071 1631 4156 implorare,
1665 4087 1856 4135 testa-

361 4177 553 4262 rique
589 4194 898 4259 superos,
945 4188 1009 4237 et
1038 4195 1460 4239 commonere
1491 4174 1632 4256 ejus
1665 4174 1857 4256 juris·

362 4280 621 4362 jurandi
644 4324 660 4356 ,
708 4298 837 4362 quo
874 4275 1167 4361 persuasi
1202 4271 1284 4339 e'x
1320 4277 1546 4340 Africa
1578 4295 1725 4339 sese
1753 4296 1859 4340 ac·

438 4613 501 4679 a]
538 4606 603 4665 1..
643 4603 850 4667 XLIV.
893 4624 940 4662 c.
984 4615 1070 4670 ιθ.

360 4697 534 4776 epist.
579 4711 630 4756 ι.
815 4698 873 4768 e)
916 4696 1182 4773 Spectas.
1222 4693 1408 4772 epigr.
1450 4694 1611 4754 xlx·

1218 4602 1289 4678 b)
1328 4604 1391 4661 1..
1432 4603 1710 4664 xnus.
1751 4607 1805 4678 ς.
1841 4614 1932 4670 33.

3293 445 3435 516 315

1957 603 2081 670 ciri
2116 606 2293 691 passi
2338 618 2507 673 sunt.
2568 611 2752 675 Haec
2784 608 3032 710 Diokb).
3091 612 3291 680 Adsit
3317 617 3455 681 Pli-

1956 708 2103 771 nius
2162 710 2327 775 haec
2382 709 2612 776 eadem
2659 735 2932 778 narrans
2980 705 3074 796 ο),
3138 730 3319 781 tauto
3369 718 3454 786 ad

1957 809 2087 875 hoc
2123 814 2570 897 spectaculum
2619 813 2853 880 dolore
2890 815 3215 882 exarsisse
3248 840 3456 904 popu-

1957 911 2133 989 lum,
2179 928 2253 977 ut
2286 914 2342 977 is
2387 903 2631 981 oblitus
2671 903 3126 1003 imperatoris,
3190 942 3264 984 ac
3319 944 3459 985 mu·

1956 1012 2329 1081 nificentiae
2384 1017 2622 1083 honori
2675 1039 2795 1083 suo
2862 1022 3225 1104 exquisitae
3289 1021 3457 1096 flens

1959 1116 2308 1180 universus
2365 1132 2835 1202 consurgeret,
2900 1119 3204 1207 diuisque
3261 1130 3457 1190 Pom·

1959 1219 2150 1302 peio,
2208 1240 2371 1304 quas
2433 1221 2550 1284 ille
2618 1241 2773 1284 mox
2827 1222 2988 1298 luit,
3060 1225 3459 1308 imprecare-

1962 1329 2091 1384 t‘ur.
2175 1323 2265 1383 Et
2310 1322 2573 1406 scripsit
2628 1324 2902 1402 Cicero,
2949 1325 3062 1410 qui
3128 1343 3461 1412 spectator

1963 1419 2173 1485 adfuit
2230 1422 2334 1504 d),
2407 1445 2708 1507 magnam
2763 1437 2904 1487 tum
2957 1425 3459 1497 admirationem

1966 1525 2147 1608 vulgi
2197 1536 2393 1609 atque
2438 1526 2708 1602 turbae,
2762 1527 3264 1594 delectationem
3314 1533 3462 1614 uulf
3545 1545 3552 1552 '

1964 1626 2094 1688 lam
2128 1625 2493 1698 exstitisse.
2541 1627 2699 1712 quin
2722 1629 2917 1692 etiam
2938 1631 3460 1699 misericordiam

1965 1727 2287 1813 quandam
2320 1744 2779 1812 consecutam,
2829 1741 3023 1815 atque
3077 1734 3458 1818 opinionem

1964 1829 2329 1912 ejusmodi,
2405 1849 2553 1893 esse
2623 1832 2944 1916 quandam
3032 1834 3146 1908 illij
3195 1835 3461 1903 belluae
3569 1885 3580 1892 -

1965 1921 2143 1995 cum'
2187 1951 2435 2016 genere
2505 1932 2794 1996 humano
2859 1936 3263 2003 societatem.
3348 1941 3463 2004 Li-

1968 2031 2208 2094 benter
2266 2033 2573 2118 equidem
2651 2033 2826 2102 hunc
2886 2040 3112 2123 populi
3173 2042 3464 2107 animum

1969 2133 2456 2213 collaudarem,
2520 2138 2632 2221 qui
2693 2158 2840 2201 sese
2903 2141 3011 2203 vel
3088 2141 3461 2208 belluarum

1971 2236 2302 2298 aerumnis
2347 2257 2423 2300 ac
2472 2233 2809 2304 laboribus
2853 2243 3031 2327 tangi
3070 2257 3170 2305 cst
3209 2266 3462 2328 passus.

1971 2338 2225 2405 Verum
2277 2338 2518 2403 in‘vitus
2550 2361 2678 2426 ego
2726 2363 2936 2427 cogor
2962 2344 3313 2411 detrahere
3341 2348 3464 2413 has

1969 2439 2238 2515 laudes,
2302 2439 2451 2504 cum
2501 2446 2677 2507 venit
2735 2444 2803 2505 in
2849 2460 3135 2510 mentem
3185 2471 3467 2536 praepo-

1971 2555 2186 2605 sterae
2232 2541 2302 2604 in
2355 2542 2596 2628 eodem
2631 2547 2758 2609 hoc
2805 2549 3464 2632 populo⁹misericor⁵

1971 2641 2116 2704 diae
2139 2686 2156 2719 ,
2204 2642 2361 2727 qui,
2407 2641 2561 2706 dum
2593 2644 2952 2711 bestiarum
2987 2650 3287 2733 sanguini
3316 2672 3467 2736 pat·-

1973 2744 2035 2807 ci
2089 2744 2300 2829 cupit,
2355 2736 2734 2809 hominnmae
2763 2750 2836 2810 in
2891 2772 3086 2814 arena
3152 2750 3465 2817 caedibus

1972 2845 2256 2906 animum
2309 2847 2670 2932 oculosque
2717 2850 2944 2934 pascit.
3030 2851 3136 2914 Ad
3190 2849 3463 2920 numum

1967 2959 2293 3010 revertor.
2353 2948 2538 3011 Sistit
2581 2951 2687 3015 hic
2730 2954 3282 3037 amphitheatrum
3313 2954 3465 3019 Fla*-

1967 3048 2221 3112 viorum
2252 3093 2270 3125 ,
2323 3063 2389 3112 et
2431 3051 2612 3136 intra„
2653 3051 2781 3116 hoc
2842 3071 3107 3139 praeter
3154 3057 3467 3142 elephan-

1972 3164 2107 3213 tum
2181 3167 2441 3215 taurum
2512 3175 2816 3238 quoque,
2905 3178 3144 3244 nempe
3222 3159 3466 3224 animal
3557 3233 3574 3246 ..

1967 3266 2321 3338 utrumque
2359 3275 2581 3318 secum
2629 3257 3090 3338 commissum,
3137 3276 3325 3326 vetus
3371 3262 3467 3326 di-

1971 3355 2340 3420 micationis
2399 3377 2643 3442 genus3
2737 3380 2882 3422 nam
2942 3362 3225 3426 similem
3289 3364 3467 3428 inter

1972 3472 2327 3544 utrumque
2389 3481 2673 3545 pugnam
2717 3460 2847 3547 jam
2896 3462 3246 3551 descripsit
3295 3469 3470 3531 Mar·

1971 3553 2144 3622 tialis
2178 3566 2264 3640 0).

2707 3667 2747 3707 ἡ

2870 3712 2910 3751 ὓ

2262 3767 2348 3826 Vt
2387 3768 2486 3832 lit.
2517 3709 2604 3831 22.

1968 3867 2369 3931 PRINCIPI.
2405 3865 3472 3954 IVVENTV'ns.-1mperatorpa-

1970 3969 2230 4031 ludatus
2270 3980 2450 4031 stans
2488 3975 2552 4033 d.
2581 3973 2842 4050 ylobum
2861 4015 2880 4049 ,
2926 3993 2977 4035 s.
3005 3978 3278 4039 matam.
3321 3975 3463 4040 AB.

1972 4072 2170 4146 (Mus.
2211 4070 2429 4149 Caes.)

2096 4172 2403 4234 Nondum
2432 4171 2749 4236 hactenus
2783 4171 3066 4237 vidimus
3097 4175 3168 4242 in
3197 4191 3463 4244 moneta

1968 4286 2232 4349 vetere,
2283 4273 2541 4335 titulum
2578 4274 2894 4362 principis
2920 4274 3286 4358 juventutis
3314 4289 3466 4344 cuti

2085 4607 2144 4676 c)
2182 4602 2250 4662 L.
2285 4598 2445 4666 Vm.
2486 4606 2536 4676 §.
2577 4615 2629 4668 7.
2781 4603 2850 4678 d)
2888 4601 2968 4662 ad
2983 4604 3189 4664 Famil.
3228 4607 3291 4673 L.
3333 4607 3464 4674 VH.

2853 4791 3063 4898 εἴτε·
