4475 5584
1525 470 2326 551 AVRELIANVS.

380 665 562 729 Solis
603 665 963 739 tudinium,
1009 681 1174 743 prae
1232 681 1360 745 qno
1412 667 1694 743 quatuor
1729 662 1872 737 ejvs

378 768 548 849 eqni.
590 766 728 829 ΔΕ.
753 765 834 826 11.
871 765 1070 844 (Mus.
1103 766 1326 846 Caes.)
1425 827 1436 836 ,

652 865 1235 936 AVREHANVS.
1327 863 1529 934 AVG.
1616 859 1869 926 CONS.

656 971 834 1031 Idem
873 977 1078 1048 typus.

379 1064 1433 1136 SOL.DOM1NVS.1MPER1.
1492 1063 1878 1130 ROMANI.

381 1175 586 1252 Caput
622 1175 802 1236 Solis
854 1175 1093 1234 nudum
1143 1173 1382 1254 absque
1413 1169 1646 1229 radiis.
1731 1143 1869 1228 ‘AR

374 1291 548 1336 max.
578 1274 753 1336 mod.
782 1276 990 1355 (Mus.
1014 1272 1264 1351 Pisani)
1299 1271 1432 1332 ΑΕ.
1455 1269 1532 1329 11.
1556 1264 1827 1347 (Band.)

504 1374 610 1438 Ad
642 1376 917 1438 eximios
959 1375 1083 1437 hos
1126 1391 1361 1434 numos
1422 1368 1648 1431 distuli
1690 1386 1872 1429 men-

375 1476 626 1542 tionem
656 1478 868 1542 cultus
886 1521 904 1554 ,
959 1497 1153 1561 quem
1176 1469 1565 1536 Aurelianus
1593 1469 1870 1534 testibus

251 1611 264 1618 -
375 1580 593 1643 numis
638 1593 706 1643 et
748 1578 1081 1641 historicis
1126 1575 1564 1658 singularem,
1610 1586 1678 1636 et
1719 1573 1869 1657 plus

377 1680 685 1745 omnibus
745 1679 1060 1746 hactenns
1117 1675 1523 1759 principibus
1568 1674 1711 1737 Soli
1753 1675 1871 1735 im-

373 1780 641 1864 pendit,
685 1801 882 1866 quem
924 1802 962 1843 a
1006 1781 1214 1841 matre
1256 1777 1566 1839 habuisse
1611 1773 1871 1838 heredi-

369 1867 652 1959 tarium,
732 1902 816 1946 ex
874 1882 1224 1947 Callicrate
1293 1878 1489 1941 (locet
1542 1877 1869 1961 Vopiscus

374 1982 753 2058 referente,
819 1981 1024 2047 fuisse
1082 2001 1227 2045 eam
1273 1979 1684 2042 sacerdotem
1728 1976 1872 2059 ejus

378 2085 539 2148 ostri
576 2084 646 2144 in
684 2103 766 2147 eo
810 2085 995 2160 vico,
1054 2083 1126 2145 in
1170 2100 1302 2166 quo
1346 2078 1721 2142 habitabant
1761 2099 1874 2161 pa-

376 2191 602 2253 rentes
635 2190 715 2267 ⁸).
804 2185 1030 2250 Crevit
1072 2184 1239 2246 haee
1280 2180 1598 2268 principis
1638 2178 1709 2240 in
1753 2178 1874 2240 So-

378 2289 515 2354 lem
574 2287 1027 2363 observantia,
1100 2282 1360 2370 quando
1434 2280 1684 2346 bellum
1747 2277 1874 2340 sibi

377 2390 656 2474 sumpsit
682 2388 996 2454 adversus
1012 2385 1368 2449 Zenobiam
1403 2381 1768 2469 gerendum
1803 2377 1871 2440 in

345 2507 350 2512 ·
382 2490 686 2567 Oriente,
723 2509 914 2576 quem
934 2488 1109 2554 Solis
1127 2486 1400 2551 arbitrio
1419 2484 1689 2549 subesse
1711 2480 1869 2543 olim

380 2592 747 2670 creditum3
792 2609 997 2686 quare
1040 2601 1108 2653 et
1156 2588 1333 2651 Solis
1377 2598 1571 2669 eaput
1614 2602 1873 2666 compa-

378 2705 489 2760 ret
530 2693 598 2754 in
641 2692 857 2753 nnmis
901 2689 1205 2772 Traiani,
1268 2687 1426 2772 quin
1483 2698 1550 2748 et
1605 2686 1701 2748 M.
1741 2685 1873 2745 An-

377 2794 560 2860 tonii·
588 2792 844 2869 lllvirr,
887 2791 1002 2876 qui
1041 2807 1280 2871 nempe
1334 2784 1534 2849 bellis
1576 2782 1872 2850 Orientis

384 2893 886 2958 distinebantur.
973 2889 1172 2988 Quod
1240 2887 1505 2973 quidem
1567 2885 1745 2949 Solis
1801 2884 1872 2946 in

381 2995 729 3063 Orientem
766 2994 1119 3077 imperium
1153 3009 1288 3053 non
1313 2987 1512 3072 primi
1538 3004 1872 3070 agnovere

376 3096 660 3162 Romani
680 3140 700 3174 ,
744 3094 913 3158 sed
889 3115 1022 3178 Jam
1052 3090 1291 3178 priscis
1305 3085 1764 3172 temporibus
1745 3084 1872 3169 ipsi

377 3198 643 3268 Graeci·
727 3198 996 3261 Etenim
1037 3207 1211 3258 teste
1247 3183 1567 3254 Pausania
1609 3184 1870 3270 pridem

379 3277 741 3369 Troezenii
783 3322 964 3364 aram
1007 3312 1290 3363 erexere
1316 3285 1486 3351 Ηλιυ
1513 3287 1870 3366 meusim,

376 3412 559 3476 Solis
599 3406 1033 3479 Liber-acoris,
1095 3394 1276 3484 quod
1333 3392 1476 3478 ejus
1496 3435 1516 3469 ,
1574 3404 1649 3454 ut
1688 3401 1873 3473 puts-

379 3508 580 3587 bant,
645 3526 776 3592 ope
816 3529 853 3570 a
895 3516 1082 3567 metu
1122 3497 1365 3563 Xerxis
1407 3508 1478 3558 et
1517 3490 1870 3554 Medorum

302 3635 313 3644 ·
379 3609 647 3675 liberati
677 3618 919 3674 essent
941 3605 1164 3687 -Ergo
1198 3614 1268 3663 et
1298 3595 1692 3663 Aurelianus
1734 3589 1873 3654 fau·

379 3724 484 3777 sto
540 3731 697 3775 usus
758 3708 901 3794 ejus
957 3703 1123 3767 belli
1177 3698 1455 3765 exordio
1510 3692 1873 3780 Elagabalo

376 3816 749 3889 Emeseno,
797 3808 909 3894 qui
947 3804 1128 3868 idem
1170 3822 1320 3868 cum
1353 3800 1512 3864 Sole
1553 3796 1719 3872 fuit,
1761 3814 1877 3860 cu·

377 3916 615 4003 jusque
646 3912 772 3977 sibi
807 3928 998 3994 opem
1032 3925 1164 3992 per
1194 3923 1340 3967 eam
1382 3897 1874 3985 expeditionem

378 4014 670 4083 udfuisse
727 4010 1032 4084 rebatur,
1104 4019 1252 4070 vota
1293 4001 1650 4087 persolvit,
1709 4011 1875 4061 tem·

379 4117 702 4205 plumque
733 4106 1031 4176 fundavit
1057 4102 1145 4188 b),
1187 4103 1479 4168 Eosdem
1514 4102 1713 4166 etiam
1757 4097 1877 4163 ho-

373 4235 580 4285 nores
599 4213 742 4281 soli
757 4213 1106 4292 Palmyrae
1131 4205 1491 4281 eonstituit,
1515 4220 1685 4289 quae
1712 4198 1874 4264 urbs

383 4320 531 4407 ejus
589 4313 751 4381 astri
807 4308 1062 4376 numiui
1119 4306 1314 4372 enixe
1360 4306 1594 4370 devota
1633 4302 1758 4368 fuit
1789 4305 1874 4385 ⁶).

376 4422 468 4489 At
506 4417 934 4506 praecipuum
965 4410 1132 4478 tanti
1173 4407 1473 4475 adfectu·
1527 4425 1889 4493 argumen-

3186 517 3219 538 ““
3336 501 3482 573 433

1986 674 2127 724 tum
2171 662 2300 726 fnit
2340 660 2665 746 templum
2719 663 3061 727 immensis
3122 669 3489 753 sumptibus

1985 765 2239 826 Romae
2285 764 2428 847 ejus
2462 764 2703 827 honori
2748 780 3082 844 erectum,
3129 768 3314 854 cujus
3353 753 3505 835 oni-⁶

1983 881 2105 924 nes
2160 863 2309 928 fere
2370 865 2731 948 scriptores
2788 881 3052 932 veteres
3098 872 3487 939 meminere.

1984 963 2148 1027 Inde
2206 964 2493 1043 factum,
2563 980 2637 1029 ut
2691 966 2902 1049 major
2957 991 3307 1034 numorum
3354 975 3488 1037 Au·

1983 1067 2222 1130 reliani
2267 1088 2418 1151 pars
2475 1067 2651 1130 Solis
2697 1070 2945 1132 cultum
2993 1071 3232 1154 jactet,
3280 1088 3346 1137 et
3378 1093 3490 1143 aut

1986 1169 2167 1231 solus
2197 1177 2468 1232 aversae
2500 1182 2728 1253 typum
2766 1172 3119 1235 constituat
3141 1218 3159 1251 ,
3208 1189 3322 1239 ant
3344 1177 3488 1261 ejus

1986 1270 2218 1331 saltem
2263 1283 2459 1354 caput
2499 1270 2566 1330 in
2610 1273 2795 1334 numi
2840 1280 2991 1335 arba
3038 1272 3327 1348 defigum
3377 1280 3484 1341 sit.

1984 1368 2148 1452 Ejus
2193 1371 2458 1456 generis
2495 1384 2685 1434 sunt:
2734 1372 3082 1438 ORlENS.
3114 1377 3317 1444 AVG.
3363 1383 3493 1445 Sol

1984 1480 2204 1548 stans,
2271 1491 2552 1556 quorum
2625 1472 3036 1538 incredibilis
3101 1493 3202 1542 est
3265 1482 3484 1566 copia.

1983 1572 2426 1637 PACATOR.
2471 1572 2760 1639 ORBIS.
2832 1578 2966 1639 Sol
3002 1588 3201 1642 stans.
3274 1583 3490 1647 PRO·

1982 1675 2283 1743 VIDEN.
2315 1671 2589 1736 DEOR.
2635 1680 2799 1755 Sol,
2841 1688 2910 1741 et
2947 1684 3180 1743 multer
3214 1684 3375 1744 ὂίηα
3396 1687 3485 1745 st·-

1977 1798 2117 1859 qna
2135 1780 2457 1840 militaria
2469 1789 2736 1857 peccans
2754 1790 3019 1842 stantes.
3063 1782 3234 1844 RES
3242 1785 3485 1852 TITV

1986 1877 3066 1944 OEOR.OR1ENT18.Solstam.
3113 1880 3484 1947 Soman-

1981 1980 2189 2047 VIC'l
2196 1976 2280 2040 Ο.
2338 1981 2466 2041 Sol
2493 1984 2817 2060 captivum
2849 1987 3021 2062 pede
3057 1987 3321 2046 calcans
3335 2028 3353 2059 ‚
3400 1984 3485 2049 de

1984 2099 2122 2165 quo
2152 2079 2348 2142 titulo
2384 2081 2497 2164 egi
2534 2081 2602 2141 in
2649 2082 2865 2143 numis
2910 2083 3190 2147 Emesae
3230 2082 3482 2166 Syriae.

1983 2182 2246 2244 MARS.
2275 2181 2710 2249 mvlc‘rvs.
2756 2184 2886 2245 Sol
2905 2186 3169 2265 qlobnm
3196 2190 3492 2250 adum·-
3552 2169 3557 2174 ’

1985 2287 2128 2346 viro
2161 2286 2443 2346 militari
2472 2289 2756 2348 tradem.
2835 2284 2908 2344 In
2944 2286 3160 2347 numis
3209 2284 3487 2362 duobus,

1983 2384 2053 2446 in
2096 2383 2336 2469 quibus
2378 2406 2555 2449 nunc
2596 2405 2976 2461 versamur,
3039 2387 3247 2470 magis
3292 2410 3487 2474 appa—

1983 2499 2136 2547 rent
2176 2486 2469 2548 honores
2512 2486 2580 2547 in
2627 2487 2852 2549 Solem
2909 2486 3174 2564 collati,
3239 2489 3489 2574 quippe

1986 2584 2102 2669 qui
2144 2603 2298 2647 eum
2340 2591 2667 2649 dominum
2708 2590 2968 2666 imperii
2996 2586 3277 2652 Ro‘mam’
3316 2592 3490 2654 salu-

1985 2696 2160 2761 tant,
2209 2684 2389 2769 quod
2416 2687 2521 2748 illi
2568 2686 2770 2752 decus
2812 2685 3175 2768 imperator
3217 2679 3485 2777 quoque

1985 2784 2275 2848 Iulianus
2317 2800 2457 2849 tota
2499 2789 2575 2849 e'a
2620 2786 2953 2864 oratione,
3017 2810 3211 2872 quam
3269 2789 3338 2852 in
3382 2811 3490 2854 re-

1988 2905 2140 2970 gem
2187 2886 2425 2974 Solem*
2460 2886 2765 2973 scripsit,
2809 2888 3182 2953 liberaliter
3223 2890 3484 2971 detulit,

1987 3005 2072 3050 eo
2096 3008 2304 3072 usque
2329 2988 2629 3053 adulatus
2670 2989 3042 3064 serviliter,
3085 3003 3159 3054 nt
3203 3013 3338 3056 non
3370 2993 3491 3058 du-

1983 3087 2226 3151 bitaret
2280 3110 2436 3153 mox
2497 3090 2566 3152 in
2628 3088 2909 3152 exordio
2971 3090 3307 3172 profiteri:
3385 3118 3489 3157 και

1984 3209 2114 3272 «γαρ
2165 3186 2297 3272 sime
2340 3192 2740 3265 τεβασιλεως
2792 3181 3028 3263 ὀπαδος
3079 3189 3287 3271 Hbs,
3345 3217 3490 3259 sum

1984 3295 2157 3354 enim
2182 3296 2359 3373 reyis
2382 3296 2565 3358 Solis
2590 3315 2811 3359 servm
2846 3301 3231 3360 adsectator.
3278 3301 3490 3361 Tanta

1983 3390 2053 3453 in
2080 3392 2310 3455 Solem
2347 3392 2478 3457 hoe
2511 3413 2677 3460 aevo
2709 3396 3025 3481 obsequia
3055 3416 3189 3460 non
3224 3397 3491 3462 mirabi-

1983 3504 2132 3570 tur,
2176 3494 2291 3578 qui
2323 3495 2670 3561 attonitum
2704 3497 2787 3561 ad
2821 3496 2964 3579 ejus
2994 3497 3233 3562 sideris
3261 3503 3493 3596 poten-

1982 3592 2142 3657 tiam
2178 3594 2507 3673 Plinium,
2551 3597 2807 3684 sibique
2837 3597 3010 3662 illud
3038 3599 3186 3672 fere
3220 3601 3493 3666 unicum

1982 3714 2230 3760 numen
2260 3696 2589 3762 creditum
2619 3699 2883 3766 noverit
2913 3698 3003 3784 ιι).

2115 3802 2340 3881 Typus
2396 3798 2586 3881 prior
2624 3814 2925 3887 propter
2993 3803 3246 3868 additas
3309 3804 3490 3870 Solis

1987 3898 2340 3985 quadrigas
2412 3897 2774 3976 illustrior,
2846 3902 2916 3963 in
2988 3904 3201 3966 altero
3259 3923 3488 3981 numo,

1986 4000 2114 4063 nisi
2143 3998 2403 4107 juvaret
2437 3998 2782 4085 inscriptio
2803 4046 2822 4082 ,
2867 4001 3045 4067 Solis
3060 4018 3278 4090 capnt
3292 4004 3490 4069 intel-

1986 4098 2110 4187 ligi
2141 4118 2277 4163 non
2310 4112 2559 4183 posset.

2281 4205 2367 4266 Vt
2395 4207 2503 4266 lit.
2532 4207 2610 4267 B.

1983 4302 2435 4374 VICTORIA.
2464 4305 2665 4375 AVG.
2697 4308 3325 4391 Victoriaqradim.
3344 4311 3485 4384 AV.

1986 4409 2189 4492 (Mus.
2219 4406 2369 4472 abb·
2400 4408 2637 4475 caenia
2664 4409 3084 4495 Cremonae.)

379 4583 3465 4637 ——n———mss—ss-——n-——ss———ffl

451 4734 519 4810 a)
552 4731 611 4794 in
653 4730 952 4796 Aurelian.
991 4747 1043 4794 c.
1081 4735 1142 4794 4.
1251 4728 1356 4806 -b)
1389 4726 1705 4806 Vopiscus.

1851 4730 1914 4804 c)
1952 4720 2106 4790 lbid.

2211 4724 2961 4803 'd)-B.N·1·.11.§.4·

2790 4823 3083 4907 Ppp2

2059 4931 2096 4946 a*
