4475 5584
1508 446 2367 558 Hos'TILIANVs.

369 633 914 700 coNconmA.
985 635 1247 703 AVGG.
1332 638 1442 703 vel
1509 641 1855 703 PIETAS.

364 737 1017 812 AVGVSTORVM,
1062 739 1131 799 in
1185 737 1422 824 quibus
1455 757 1722 824 praeter
1756 764 1860 807 ca-

366 837 504 922 pita
536 840 764 914 Decii,
808 839 1245 913 Etruscillae‚
1292 854 1359 902 et
1391 841 1712 927 Hei-ennii
1752 864 1862 908 oc-

369 940 579 1002 currit
609 940 787 1003 aliud
816 961 967 1004 cum
985 941 1324 1005 Herennio
1354 943 1692 1007 sociatum.
1739 946 1860 1007 Es-

370 1062 444 1115 ae
492 1041 660 1104 illud
703 1040 880 1121 ejus,
924 1062 1122 1126 quem
1177 1044 1358 1105 numi
1403 1043 1580 1106 obvii
1630 1047 1692 1107 C.
1733 1050 1864 1108 Va-

359 1146 603 1206 lentem
629 1148 1070 1214 Bovillanum
1100 1147 1402 1207 Meuium
1422 1149 1723 1223 Quintum
1752 1168 1865 1229 ap·

370 1243 656 1330 pellant,
699 1245 874 1305 inter
908 1245 1306 1329 antiquarios
1349 1266 1576 1310 omnes
1624 1267 1864 1312 conve-

359 1345 487 1409 nit.
519 1348 697 1408 Nam
729 1348 1139 1410 Herennium
1159 1368 1304 1412 cum
1324 1347 1696 1412 Hostiliano
1725 1369 1860 1411 non

369 1445 573 1510 modo
609 1449 937 1531 expressis
973 1449 1190 1513 verbis
1234 1451 1568 1536 conjungit
1597 1469 1857 1528 numus,

370 1568 570 1634 quem
636 1549 1069 1633 Spanhemiua
1124 1571 1208 1614 ex
1281 1574 1443 1635 gaza
1497 1552 1859 1615 Barberina

370 1651 632 1736 prodit,
676 1652 1065 1735 inscriptusz
1111 1654 1194 1748 Q.
1234 1657 1437 1715 ΗΕΒ.
1471 1655 1674 1716 ΕΤΒ.
1706 1655 1860 1716 DE-

371 1753 589 1817 c1V8.
634 1756 708 1817 C.
739 1754 936 1820 VAL.
966 1757 1563 1822 Hos'rtLIANVS
1597 1758 1694 1834 ⁸),
1740 1753 1858 1816 sed

346 1868 440 1949 ’et
481 1874 802 1932 marmor,
865 1856 1044 1939 quod
1111 1875 1193 1918 ex
1254 1854 1458 1917 Gorio
1518 1854 1675 1947 citat
1716 1858 1877 1917 Mu:

369 1956 657 2043 raterius
686 1955 772 2036 ¹²).
831 1959 917 2020 At
953 1958 1125 2029 enim
1155 1967 1344 2020 vetuo
1379 1969 1480 2018 est
1507 1955 1681 2018 inter
1716 1976 1863 2018 eru-

363 2056 545 2119 ditos
591 2057 714 2133 lis,
776 2059 919 2120 aliis
974 2060 1149 2122 hunc
1192 2057 1632 2119 Hostilianum
1667 2055 1861 2119 Decii

359 2161 608 2241 filium,
649 2159 795 2221 aliis
832 2180 1134 2240 qenes-um
1177 2158 1370 2222 enixe
1406 2157 1857 2220 statuentibus.

373 2259 504 2354 Qui
535 2256 741 2321 filium
759 2261 1024 2338 volunt,
1073 2281 1354 2347 quorum
1384 2278 1510 2343 ego
1531 2254 1854 2341 ‘judicium

365 2361 604 2423 lubens
656 2361 1062 2446 amplector,
1121 2366 1418 2428 nituntur
1464 2359 1856 2423 auctoritate

369 2463 619 2526 Zosimi
638 2508 657 2541 ‚
701 2465 813 2548 qui
838 2464 1082 2527 diserte
1111 2465 1388 2528 alterum
1423 2463 1617 2525 Decii
1645 2461 1857 2523 filium

368 2580 731 2642 memorat,
788 2569 915 2629 etsi
955 2566 1099 2650 ejus
1141 2586 1381 2630 nomen
1441 2586 1574 2627 non
1615 2562 1858 2647 prodit,

366 2686 568 2751 quem
612 2681 760 2751 post
819 2669 1060 2763 patris,
1123 2668 1476 2752 fratrisque
1538 2662 1859 2726 Herennii

369 2769 684 2832 miserum
744 2767 951 2833 fatum
1011 2768 1135 2831 sibi
1195 2767 1539 2851 conlegam
1585 2766 1857 2828 sociavit

370 2869 829 2933 Trebonianua
891 2871 976 2951 ⁰).
1061 2871 1276 2954 Atque
1331 2869 1525 2931 etiam
1587 2887 1730 2929 moa
1789 2864 1858 2928 in

370 2968 537 3036 haec
588 2992 795 3057 usque
843 2986 1145 3055 tempora
1189 2982 1515 3045 servatus,
1568 2989 1698 3054 quo
1733 2965 1856 3029 filii

365 3073 635 3139 censeri
664 3073 919 3149 solent,
964 3073 1076 3157 qui
1102 3071 1282 3154 juxta
1310 3071 1710 3153 imperantes
1747 3054 1886 3151 apa*-

369 3174 730 3261 pellatiene
781 3190 853 3238 et
895 3175 1077 3239 cultu
1121 3175 1474 3237 Caesarum
1531 3174 1599 3233 in
1642 3170 1858 3232 numia

374 3289 871 3361 proponuntur,
946 3275 1074 3336 nisi
1151 3289 1332 3338 certa
1401 3274 1618 3358 aliqua
1690 3272 1858 3334 ratio

371 3377 550 3441 aliud
574 3363 893 3462 postulet,
940 3376 1197 3462 qualem
1213 3373 1518 3460 profecto
1548 3373 1859 3436 adversae

371 3479 735 3543 sententiae
780 3478 1040 3563 patroni
1079 3476 1369 3540 nondum
1417 3476 1738 3551 attulere,
1783 3474 1861 3550 is,

373 3581 706 3665 inquam,-
733 3600 876 3643 mos
937 3579 1115 3641 haud
1173 3598 1374 3663 aegre
1418 3576 1859 3662 persuadebit,

372 3682 579 3748 fuisse
623 3682 1064 3744 Hostilianum
1097 3682 1289 3755 Decii
1331 3679 1579 3757 filium,
1624 3681 1735 3764 qui
1779 3678 1864 3741 si·

374 3784 520 3848 mili
563 3781 762 3846 modo
824 3804 972 3848 cum
1031 3780 1284 3858 Decio,
1342 3781 1730 3859 Etruscikla,
1794 3794 1863 3843 et

374 3884 716 3949 Herennio
776 3886 845 3947 in
886 3884 1100 3947 numia
1143 3882 1582 3968 conjungitur.
1669 3879 1860 3942 Adde

371 3984 574 4049 etiam
607 3989 835 4049 Mersit·
865 3988 1090 4065 Qatnu·
1115 3986 1378 4047 nomina
1394 3982 1765 4047 Hostiliano
1793 3982 1868 4057 in·

371 4084 610 4150 iisdem
656 4086 842 4163 data,
886 4106 1054 4172 quae
1101 4086 1327 4171 utique
1370 4085 1629 4149 nonnisi
1674 4104 1710 4146 a
1753 4102 1864 4165 pa·

371 4203 477 4255 tre
521 4187 769 4261 ¹Messio
811 4188 1058 4284 Quinto
1086 4188 1299 4250 Decio
1334 4188 1627 4251 traxerit.
1687 4182 1858 4254 Vide

367 4303 755 4376 argumenta
792 4290 919 4354 alia
951 4286 1126 4374 apud
1155 4288 1558 4355 Bandurium
1588 4284 1674 4367 d).

3309 477 3451 542 ³51

2098 640 2232 736 Qui
2266 660 2584 724 generum
2618 639 2897 716 malunt,
2938 641 3469 733 quosinterpost

1969 743 2395 821 Panyinium,
2443 743 2839 818 'tristanum‚
2889 745 3351 828 spanhemium
3388 757 3463 829 ι’),

1970 844 2268 929 aliosque
2313 843 2441 906 fuit
2476 845 2672 906 etiam
2721 845 3007 908 Licbeus
3052 841 3136 924 ί),
3201 838 3462 911 causam

1974 967 2156 1008 suam
2203 945 2498 1030 patronis
2538 946 2905 1023 historicis,
2952 961 3019 1010 et
3048 947 3206 1032 ipsis
3246 926 3466 1017 Hosti-

1976 1047 2134 1109 liani
2210 1047 2584 1109 nominibus
2661 1069 3079 1136 propugnare
3144 1041 3461 1116 nituntur.

1974 1149 2385 1224 Historicos,
2432 1148 2543 1233 qui
2592 1150 2785 1234 hujus
2825 1153 3056 1215 aetatis
3106 1150 3277 1215 facta
3326 1173 3464 1215 me-

1974 1251 2225 1315 moriae
2285 1247 2677 1334 prodidere,
2751 1272 2882 1313 non
2954 1274 3218 1330 moror,
3297 1274 3464 1340 quos

1973 1352 2129 1414 satis
2168 1365 2421 1414 constat
2458 1363 2586 1413 tam
2626 1364 2852 1435 aperte
2894 1351 3020 1414 sibi
3057 1355 3464 1418 contradice-

1971 1472 2049 1519 re
2074 1494 2090 1526 ‚
2134 1466 2237 1528 ut,
2281 1451 2437 1537 'quid
2464 1451 2749 1537 denique
2767 1453 3122 1516 tenendum
3160 1456 3281 1533 ait,
3326 1454 3462 1541 pla*

1969 1553 2239 1617 nissime
2280 1555 2582 1639 ignores,
2630 1573 2797 1640 quae
2834 1555 3046 1618 taedia
3077 1555 3160 1619 ad
3200 1576 3464 1620 causam

1969 1669 2386 1741 praesentem
2417 1654 2808 1739 pertinentia
2827 1656 3056 1721 videre
3082 1670 3275 1749 potes
3290 1655 3464 1740 apud

1974 1755 2464 1842 spanhemium.
2550 1756 2651 1817 Ad
2709 1756 2972 1818 nomina
3002 1750 3466 1822 Valentte‘llo-

1971 1859 2229 1937 stibium·
2270 1856 2445 1941 quod
2496 1856 2758 1928 attinet,
2802 1856 2917 1918 illa
2961 1878 3176 1943 neque
3221 1857 3461 1934 Decio,

1970 1958 2195 2041 ajunt,
2241 1972 2455 2040 neque
2498 1957 2895 2022 Etruscillae
2939 1958 3331 2036 inhaesisse,
3377 1980 3463 2022 ex

1976 2080 2106 2144 quo
2133 2071 2415 2141 arguunt
2433 2101 2450 2132 ,
2484 2077 2566 2118 ex
2591 2058 2799 2119 aliena
2825 2078 2971 2120 eum
2995 2074 3190 2144 gente
3220 2063 3284 2122 in
3305 2081 3462 2145 gen-

1973 2174 2105 2223 tem
2138 2159 2407 2221 Decium
2442 2159 2643 2220 fuisse
2678 2161 3076 2223 translatum.
3121 2162 3462 2230 Verisimi-

1971 2262 2038 2324 le
2075 2251 2279 2344 igitu'r
2318 2274 2581 2343 putant,
2642 2263 2919 2324 Decium
2954 2276 3265 2327 extraneo
3304 2264 3460 2329 huic

1970 2362 2223 2424 homini
2280 2362 2641 2425 collocasse
2698 2362 3065 2447 quampiam
3136 2386 3317 2428 suam
3385 2363 3463 2428 fi-

1971 2464 2124 2527 liam
2146 2507 2164 2538 ,
2211 2481 2493 2547 eumque
2522 2462 2692 2525 adeo
2724 2462 2849 2525 sibi
2881 2483 3199 2546 generum
3236 2465 3461 2532 addito

1971 2562 2271 2629 Caesaris
2314 2561 2568 2625 honore
2615 2563 2988 2626 adscivisse.
3079 2565 3458 2651 Sententiae

1972 2686 2127 2729 suae
2170 2686 2301 2750 quo
2346 2659 2658 2743 majorem
2704 2663 2902 2729 fidem
2956 2664 3289 2746 facerent,
3351 2688 3461 2733 oc·

1971 2766 2279 2833 currebat
2307 2809 2324 2840 ,
2370 2786 2407 2828 a
2454 2767 2706 2828 Zonara
2749 2779 2817 2827 et
2864 2767 3167 2830 Cedreno
3210 2789 3458 2835 memo-

1970 2869 2107 2933 rari
2178 2868 2526 2954 quemdam
2602 2868 2919 2929 Severum
2995 2869 3454 2949 Hostilianum‚

1970 2990 2167 3056 quem
2202 2969 2383 3052 ajunt
2409 2968 2613 3033 fuisse
2648 2968 2822 3034 inter
2856 2988 3272 3034 successores
3290 2972 3460 3035 Gor-

1947 3072 2147 3136 'diani
2186 3071 2333 3149 111„
2382 3071 2568 3154 cujus
2608 3067 2782 3132 filius
2815 3069 3018 3133 fuerit
3047 3062 3459 3138 Hostilianuo

1969 3189 2235 3251 noster,
2282 3174 2523 3258 quippe
2558 3175 2782 3236 Masei
2800 3176 3026 3251 Quinti
3054 3174 3317 3238 nomina
3352 3194 3457 3239 ce·

1971 3276 2147 3361 perit
2187 3298 2224 3337 a
2264 3274 2916 3358 Decio·adoptante‚
2980 3278 3273 3337 Valentia
3326 3280 3461 3339 Ho-

1971 3380 2230 3440 tuliani
2268 3399 2310 3438 a
2351 3389 2538 3461 patre
2580 3375 2884 3440 naturali.
2968 3376 3312 3471 Haec-illi.
3373 3378 3461 3443 At
3514 3430 3529 3447 .

1977 3478 2153 3541 enim
2184 3475 2515 3541 infirmum
2547 3493 2649 3542 est
2677 3492 3133 3562 argumentum
3164 3477 3338 3542 istud
3372 3498 3463 3546 et

1975 3576 2351 3644 nominibus
2388 3594 2668 3664 captum.
2754 3584 2987 3665 Neque
3038 3579 3213 3642 enim
3264 3578 3385 3644 filii
3419 3603 3460 3645 a

1973 3696 2159 3766 patre
2216 3695 2466 3746 tantum
2517 3703 2593 3746 ac
2647 3695 2894 3758 matre,
2956 3679 3074 3742 sed
3133 3702 3256 3746 avo
3302 3704 3462 3767 quo·
3498 3720 3531 3747 ω

1974 3803 2103 3867 que
2139 3802 2215 3845 ac
2242 3783 2384 3846 avia
2417 3804 2531 3844 sua
2560 3766 2900 3865 collegere
2930 3783 3213 3844 nomina.
3290 3785 3463 3847 Mul-

1974 3897 2045 3947 to
2089 3896 2283 3962 ante,
2349 3878 2419 3945 ut
2459 3884 2687 3977 paucis
2746 3883 3068 3966 exemplis
3125 3896 3304 3960 utar,
3366 3889 3457 3948 M.

1973 3984 2286 4048 Aurelius
2330 3982 2411 4045 ab
2455 4004 2575 4046 avo
2639 3982 2851 4046 dictus
2897 3997 2997 4045 est
3043 3983 3287 4046 Annius
3329 3988 3462 4053 Ve-

1974 4104 2127 4160 rus,
2188 4105 2226 4147 a
2271 4104 2517 4167 proavo
2574 4096 2872 4144 materno
2934 4082 3203 4145 Catilius
3262 4085 3463 4151 Seve-

1971 4205 2088 4248 rus
2117 4185 2202 4264 6).
2266 4185 2434 4247 Geta
2468 4183 2702 4248 Severi
2734 4185 2809 4245 F.
2847 4202 3087 4246 nomen
3128 4184 3394 4249 abstulit
3420 4210 3461 4252 a

1974 4286 2144 4352 Geta
2169 4304 2298 4353 avo
2342 4297 2654 4370 paterno,
2700 4284 2807 4348 vel
2837 4296 3074 4369 patruo
3104 4281 3192 4368 ιλ).
3267 4286 3461 4352 Cara·

442 4612 707 4685 ay'rom.
739 4609 812 4670 11.
851 4632 909 4690 p.
931 4612 1060 4677 256.
1168 4610 1239 4686 b>
1274 4612 1415 4686 pag.
1447 4619 1574 4673 252.
1606 4612 1663 4673 6.
1777 4611 1836 4678 c)
1874 4606 1939 4665 L.
1972 4606 2015 4664 1.
2048 4604 2157 4664 sub
2190 4603 2446 4666 Trebon.
2559 4605 2629 4682 d)
2668 4608 2730 4667 in
2751 4609 2940 4688 praes.
2969 4607 3049 4667 ad
3064 4611 3229 4669 Tom.
3254 4611 3297 4670 1.
3316 4633 3376 4689 p.
3400 4622 3452 4678 5.

367 4705 434 4776 e)
471 4702 511 4761 l.
552 4724 600 4761 c.

687 4701 768 4777 ,1)
810 4702 988 4761 Goth.
1029 4719 1188 4769 num.
1219 4721 1283 4777 p.
1312 4707 1439 4775 429.
1550 4702 1615 4778 g)
1644 4696 1966 4776 Capitolia.
2000 4696 2285 4759 inAurcl.
2314 4717 2367 4757 c.
2392 4710 2443 4758 1.

2551 4695 2624 4771 h)
2666 4698 2962 4778 spartian.
2998 4699 3061 4759 in
3078 4700 3226 4760 Geta
3260 4714 3383 4765 ca.
