4475 5584
1453 504 2216 587 VICTORINVS.

3227 533 3373 620 iss
3416 533 3421 539 ·

1547 803 1674 872 PB
1694 805 1753 868 E
1778 808 1893 870 1'1
1903 808 2059 871 VM.

864 1001 1073 1079 aursi
1127 1044 2640 1080 ...............
2724 1013 2930 1078 mm.

861 1105 1186 1192 Argentei
1227 1107 1379 1192 puri
1444 1151 2637 1181 ............
2720 1115 2866 1180 RB.

864 1210 1078 1271 Aenei
1115 1212 1162 1273 1.
1203 1222 1273 1273 et
1307 1212 1393 1272 11.
1424 1208 1682 1277 formae
1766 1251 1788 1274 0
1871 1252 1896 1279 .
1963 1219 1970 1228 ’
1980 1252 2634 1278 .......
2723 1215 2808 1279 Ο.

1859 1353 2643 1382 ........
2727 1317 2802 1379 C.

865 1310 1075 1377 Aeaei
1119 1314 1232 1376 111.
1275 1311 1532 1379 formae
1645 1349 1670 1377 ο
1757 1351 1779 1378 .

1103 1641 1108 1652 ·
1239 1630 1925 1694 VICTORINVS
2001 1630 2399 1693 FILIVS·

389 1823 495 1886 De
526 1821 656 1887 boe
686 1822 1025 1908 sequentia
1055 1823 1438 1892 Trebellius
1466 1823 1561 1907 ·)=
1602 1807 1764 1889 fuis-

264 1941 341 1987 se
363 1923 710 1990 Victorino
747 1921 957 1985 filium
997 1928 1494 2010 cognominem,
1539 1927 1765 1994 Victo·

263 2023 450 2087 rinae
488 2037 821 2108 nepotem,
859 2038 1055 2109 atque
1088 2047 1125 2087 a
1158 2039 1345 2110 patre
1379 2027 1499 2089 sub
1531 2027 1759 2090 eadem

261 2126 426 2187 hora
449 2170 468 2201 ,
511 2145 635 2208 qua
674 2124 1109 2208 interemptus
1147 2128 1542 2211 Agrippinae
1575 2149 1610 2189 a
1646 2128 1763 2188 mi-

267 2221 492 2288 litibus
540 2239 672 2301 est,
715 2238 785 2288 et
834 2226 975 2290 avia
1016 2228 1368 2312 puerulum
1409 2228 1761 2291 admodum

266 2328 615 2390 Caesarem
663 2341 1136 2410 nuncupatum,
1199 2342 1268 2392 et
1317 2330 1534 2394 statim
1586 2329 1762 2393 hunc

265 2446 529 2512 quoque
580 2426 660 2489 ab
713 2427 947 2490 iisdem
999 2443 1436 2514 peremptum.
1481 2435 1761 2495 Exstare

264 2526 552 2612 denique
572 2528 744 2614 apud
761 2530 1197 2616 ,Agrippinam
1227 2532 1498 2596 humilia
1526 2532 1765 2595 utrius-

261 2649 394 2714 que
432 2631 735 2714 sepulcra
771 2632 1114 2715 inscripta:
1157 2638 1286 2702 Hic
1324 2625 1451 2698 dt'so
1489 2637 1764 2697 Victori-

262 2735 340 2794 m*
378 2736 642 2812 manus·
681 2738 799 2796 sits·
839 2744 1006 2798 wne.

381 2835 489 2896 Ne
522 2833 766 2898 frustra
798 2836 962 2899 haec
984 2833 1363 2898 Trebellius
1390 2833 1633 2899 dixisse
1666 2834 1761 2899 vi·

265 2936 571 3010 deretur,
617 2935 718 2998 sui
756 2934 911 2999 huic
955 2937 1224 3022 quoque
1261 2936 1342 3000 ab
1380 2936 1760 3023 antiquariis

259 3035 545 3119 quaesiti
596 3038 813 3114 numi,
873 3037 1244 3121 horumque
1300 3037 1470 3101 bene
1513 3037 1759 3100 multos

261 3139 517 3221 reperit
559 3138 730 3203 ultra
776 3138 1045 3202 modum
1078 3140 1348 3202 sedulus
1386 3139 1762 3203 Mediobar·

258 3236 410 3304 bus.
453 3239 866 3304 Moderatior
904 3240 1277 3304 Bandurius
1326 3252 1464 3304 tres
1507 3254 1756 3305 tantum

260 3342 584 3419 eecrevit,
627 3362 799 3429 quos
842 3340 982 3405 filio
1025 3339 1385 3420 tribueret,
1431 3343 1544 3428 qui
1579 3363 1761 3406 nem-

256 3463 346 3526 pc
388 3444 641 3524 vultum
687 3466 725 3507 a
765 3456 1042 3527 paterno
1100 3443 1366 3528 omnjno
1422 3437 1770 3508 diversnm'

255 3544 710 3617 ostentabant,
745 3559 849 3620 et,
887 3557 962 3608 ut
990 3545 1118 3629 ipsi
1151 3546 1402 3622 visum,
1435 3567 1753 3608 annorum

257 3644 567 3730 triginta,
603 3665 962 3730 omnesque
997 3664 1143 3709 esse
1173 3648 1347 3709 inter
1380 3667 1453 3710 se
1483 3647 1751 3722 similes,

255 3746 605 3811 nimirum:
690 3748 868 3809 lm).
920 3749 991 3812 C.
1036 3749 1140 3810 Pl.
1194 3747 1755 3815 VICTOvaS.

261 3848 464 3916 Ave.
499 3844 548 3908 :t
583 3850 1052 3948 AEerrAs.
1081 3849 1282 3921 Avo.
1324 3833 1569 3914 uitam
1603 3843 1756 3934 pro·

1875 1825 2056 1891 secto
2082 1823 2424 1911 judicium.
2468 1825 2559 1894 Vt
2582 1820 2809 1909 juveni
2839 1821 2995 1889 huic
3027 1825 3375 1894 Victorino

1851 1947 2032 2018 ‘suos
2083 1929 2294 2012 possit
2346 1948 2582 1991 numos
2641 1925 2970 2020 tribuere,
3034 1941 3373 1992 auctorem

1877 2049 2079 2090 unum
2116 2028 2314 2091 habet
2349 2028 2795 2102 Trebellium,
2845 2009 2994 2090 nam
3031 2049 3228 2092 nemo
3258 2029 3378 2092 ali·

1876 2150 1954 2191 us
1988 2128 2130 2211 ejus
2172 2125 2511 2204 meminit,
2554 2130 2742 2211 cujus
2778 2143 2996 2192 tamen
3024 2131 3169 2213 ipss
3194 2128 3377 2193 testi·

1879 2232 2097 2293 monia
2169 2225 2384 2293 nuruis
2446 2231 2550 2294 bis
2624 2244 2854 2314 aperte
2926 2229 3375 2298 adversantur.
3416 2295 3427 2306 ,

1877 2333 2049 2394 Eum
2108 2332 2211 2394 illi
2268 2331 2494 2395 dicunt
2538 2333 2940 2417 Augustum,
2996 2330 3376 2394 Trebellius

1877 2444 2126 2500 tantum
2173 2423 2544 2497 Caesen-eni.
2576 2431 2582 2436 ’
2621 2432 2854 2495 Facies
2896 2429 3123 2493 virum.
3157 2445 3376 2495 osten·
3443 2481 3455 2493 .

1878 2533 1975 2594 dit
2018 2553 2338 2596 annorum
2382 2535 2624 2609 XXX„
2697 2530 3077 2595 Trebellius
3135 2539 3377 2615 pueru-

1877 2633 2048 2710 lum,
2084 2655 2231 2696 cum
2265 2655 2494 2698 caesus
2523 2648 2730 2709 esset,
2764 2632 3071 2716 appellat.
3115 2630 3375 2694 Eodem

1874 2747 2045 2797 teste
2090 2735 2348 2798 occisus
2388 2749 2489 2798 est
2533 2733 2764 2798 eadem
2809 2733 3010 2808 hora,
3053 2753 3185 2816 qua
3215 2730 3374 2795 Cae·

1877 2857 1984 2899 sar
2027 2828 2470 2920 nuncupatus,
2532 2856 2697 2920 ergo
2741 2853 3016 2898 necesse
3058 2831 3217 2909 fuit,
3277 2832 3377 2896 in·

1873 2950 1977 2999 tra
2031 2936 2414 3000 tantundem
2458 2929 2791 3021 =temporis
2849 2927 2970 2999 bos’
3026 2931 3218 2996 feriri
3257 2953 3377 2997 nu·

1873 3058 2050 3113 mos,
2097 3037 2277 3121 quod
2320 3053 2541 3102 utrum
2587 3036 2729 3101 ullo
2773 3049 2967 3121 pacto
3004 3033 3372 3098 credibile?

1871 3138 2318 3204 Verisimilius
2352 3160 2548 3226 ergo,
2593 3139 2814 3201 nullos
2851 3136 3046 3220 hujus
3078 3156 3228 3200 esse
3254 3157 3372 3198 nu·

1875 3259 2054 3317 mos,
2116 3259 2515 3327 omnesque,
2574 3229 2699 3325 qui'
2739 3239 3056 3302 hactenus
3099 3236 3203 3300 illi
3257 3237 3373 3299 tri-

1871 3341 2014 3405 buti
2063 3340 2289 3419 fuere,
2350 3339 2797 3406 restituendos
2839 3337 3048 3425 patri,
3095 3349 3163 3400 et
3203 3335 3261 3400 si
3301 3336 3371 3400 in

1871 3443 2197 3528 aliquibus
2250 3435 2467 3508 vult‘us
2516 3454 2786 3527 apparet
2820 3437 3212 3523 juvenilior,
3256 3438 3373 3502 tri·

1870 3543 2203 3607 buendum
2236 3543 2415 3608 istud
2444 3544 2663 3629 potius
2696 3540 3018 3606 artificum
3048 3539 3371 3617 inscitiae,

1870 3667 2064 3730 quam
2105 3666 2260 3710 sane
2296 3667 2516 3732 neque
2560 3665 2827 3720 sevum,
2870 3662 3087 3730 neque
3130 3641 3366 3720 Gallia,

1867 3747 1938 3811 in
1978 3768 2109 3833 qua
2149 3747 2295 3813 cusi
2336 3762 2521 3824 suut,
2567 3743 2979 3811 diffitebitur.

1502 4048 2138 4150 VICTOssJNA.

387 4245 602 4331 Supra
622 4246 691 4310 iu
706 4244 1052 4315 Victorino
1081 4244 1344 4311 seniore
1367 4246 1450 4309 de
1469 4245 1592 4310 hac
1610 4244 1755 4329 ejus

259 4361 474 4412 matre
488 4349 828 4418 Victorina
853 4350 960 4413 vel
980 4350 1278 4424 Victoria
1299 4351 1476 4427 (nam
1508 4362 1756 4411 utrum-

253 4463 393 4536 que
467 4470 712 4515 nomen
776 4451 999 4538 prodit
1060 4450 1472 4527 Trebellius,
1541 4451 1764 4535 poste-

141 4585 154 4596 ·
254 4552 401 4617 rius
454 4552 722 4637 Victor)
789 4555 1064 4642 ejusque
1139 4547 1312 4639 apud
1391 4552 1761 4636 exercitum

1870 4244 2080 4331 gratia
2129 4242 2409 4330 egimus.
2478 4242 2724 4308 Codex
2762 4240 3096 4308 Palatinus
3147 4263 3186 4308 e
3230 4261 3368 4306 me·
3488 4275 3511 4292 ι

1868 4345 2149 4410 lioribus
2203 4366 2374 4409 unus
2430 4365 2575 4409 eam
2638 4348 3000 4409 nto-aviam
3056 4344 3379 4431 appellat.

1876 4448 2052 4515 Huic
2096 4466 2380 4535 sequens
2420 4468 2665 4512 numus
2701 4446 3048 4513 tribuiturz

271 4679 3376 4729 .-———-———---——..--.—--—-.—.l-—-———-———-

333 4769 408 4838 a)
448 4765 507 4824 iu
547 4779 798 4846 utroque
835 4765 1162 4828 Victorino.

3074 4941 3101 4976 Ι
