4475 5584
1100 485 1272 553 -328

1082 651 1466 717 ·P..M.·TR.
1496 650 1575 713 r.
1596 649 1675 714 v.
1710 646 1897 712 cos,
1917 648 2060 709 1111.
2089 650 2167 709 P.
2198 649 2271 711 P.
2313 606 2483 729 iffi..
2510 671 2623 712 va-

1096 758 1262 817 ‘riim
1306 753 1445 818 AR.
1479 755 1683 853 Ἷ(Μηε.
1707 751 1919 829 Caes.)
1954 752 2106 829 ΑΕ.
2127 750 2205 811 11.
2223 751 2498 834 (Band.)

1471 960 1543 1019 V.
1581 957 1640 1015 c.
1668 944 1860 1016 ‘som
1905 957 1976 1016 Ρ.
2014 956 2094 1015 X.
2125 952 2275 1017 258.

1085 1068 1121 1122 .”
1161 1144 1169 1149 .
1229 1062 1352 1124 m.
1398 1060 1490 1149 Ρ.
1521 1058 1630 1117 Vl.
1681 1058 1855 1116 COS.
1900 1058 2016 1117 IV.
2065 1060 2135 1118 P.
2181 1060 2269 1118 M.
2317 1058 2380 1124 P.
2428 1058 2503 1119 P.

1377 1161 1676 1220 Memmio
1712 1161 1911 1219 Tusco
1928 1200 1945 1233 ,
1990 1160 2197 1220 Basso
2230 1178 2360 1222 cos.

1254 1355 1644 1428 Valerianus
1688 1357 2000 1437 adversus
2045 1362 2366 1445 Saporem
2418 1359 2622 1446 profi·

1126 1461 1431 1549 ciscitur,
1479 1461 1591 1545 qui
1629 1477 1811 1545 capta
1841 1461 1970 1542 jam
2013 1463 2189 1524 omn‘
2225 1462 2368 1531 fere
2400 1467 2622 1526 Meso·

1107 1559 1407 1644 'potamia
1455 1562 1869 1625 Antiochiam
1914 1565 2120 1646 ipsam
2239 1576 2243 1577 ’

1082 1667 1275 1749 ,igne
1349 1663 1699 1749 populatus
1775 1678 1894 1727 est.
1982 1664 2183 1746 (Vide
2252 1667 2612 1734 Tillemon·

1123 1765 1345 1845 tium.)
1461 1848 1466 1853 .
1763 1838 1776 1848 ,

1243 1864 1502 1936 Desunt
1537 1860 1706 1930 certi
1740 1865 1933 1950 hujus
1971 1868 2127 1933 anni
2152 1870 2361 1938 numi.

1373 2092 1378 2100 ’
1452 2076 1529 2134 V.
1579 2075 1640 2133 C.
1691 2080 1873 2136 1012.
1918 2075 1989 2134 P.
2035 2076 2119 2136 X.
2163 2082 2311 2142 259.

1211 2175 1334 2238 ΤΕ.
1367 2174 1453 2235 P.
1506 2175 1650 2235 711.
1699 2175 1877 2238 COS.
1919 2178 2035 2237 IV.
2081 2177 2153 2239 Ρ.
2202 2179 2295 2241 Μ.
2335 2178 2407 2239 Ρ.
2449 2179 2527 2244 Ρ.
2604 2231 2609 2237 .

1339 2330 1344 2339 .
1443 2277 1813 2347 Aemiliano
1831 2318 1851 2355 ‚
1897 2278 2102 2343 Basso
2144 2297 2275 2340 cos.

1242 2481 1509 2545 Bellum
1526 2478 1861 2546 Valeriani
1881 2498 2030 2543 cum
2057 2481 2303 2561 Persis,
2338 2484 2612 2574 ejusque

1075 2585 1360 2647 .ducum
1408 2602 1558 2645 cum
1624 2581 1885 2661 Scythis
1949 2584 2358 2669 Bithyniam,
2430 2593 2651 2655 Moe--

1117 2686 1319 2759 siam,
1392 2683 1744 2746 Thraciam
1814 2685 2131 2750 atrociter
2200 2689 2611 2757 vexantibus.

1120 2788 1231 2868 (V.
1277 2784 1580 2860 ibidem.)
1791 2796 1798 2801 '
2560 2808 2571 2815 ·

1399 2890 1577 2950 IMR.
1596 2886 2186 2959 VALERIANVS.
2220 2892 2299 2954 P.
2314 2891 2393 2956 F.
2408 2892 2611 2965 AVG.

1406 2993 1610 3068 Caput
1635 2994 1989 3054 radiatum.

1112 3089 1341 3160 VICT.
1389 3091 1647 3154 PART.
1710 3094 1819 3153 vel
1861 3093 2331 3160 PAR'I'HICA.
2399 3099 2612 3161 Victo-

1114 3198 1218 3253 ria
1250 3203 1440 3255 stans*
1460 3196 1524 3254 d.
1556 3193 1841 3270 clypeum
1854 3235 1871 3270 ,
1931 3214 1981 3255 s.
2012 3198 2300 3259 lauream
2319 3242 2337 3274 ,
2369 3186 2611 3280 prope-

1113 3298 1301 3356 dibus
1352 3296 1644 3371 captivus
1683 3298 1927 3358 sedem.
1986 3294 2128 3379 AB.
2173 3299 2376 3378 (Mus.
2423 3300 2609 3381 Caes.

1113 3391 1354 3471 Band.)

1238 3491 1370 3557 nie
1429 3513 1667 3556 numus
1746 3492 1830 3555 ad
1884 3515 2124 3557 annum
2193 3513 2612 3581 praesentem

1115 3593 1464 3666 commode
1510 3593 1770 3659 videtur
1810 3594 2234 3670 referendus3
2291 3621 2442 3663 nam
2487 3602 2609 3665 sub

1112 3692 1452 3764 Valeriani
1490 3695 1560 3756 in
1592 3694 1848 3777 Syriam
1891 3697 2241 3765 adventum
2271 3701 2425 3764 satis
2459 3722 2613 3785 pro-

1115 3816 1309 3882 spera
1361 3796 1616 3874 omnia,
1688 3810 1960 3882 recepta
2015 3799 2400 3879 Antiochia,
2465 3823 2613 3867 cne-

1112 3921 1224 3965 sus
1267 3920 1306 3963 a
1347 3898 1482 3962 suis
1515 3897 1827 3980 Cyriades
1855 3898 2182 3984 princeps
2207 3902 2402 3985 hujus
2444 3903 2609 3968 belli

993 4088 1002 4093 ²
1107 3988 1339 4083 causa,
1399 4000 1647 4086 quique
1689 3998 1907 4084 ipsum
1950 4004 2232 4087 Augusti
2283 4003 2608 4072 honorem

1118 4092 1475 4167 attentavit.

1445 4307 1519 4365 V.
1558 4305 1621 4366 C.
1668 4311 1849 4370 1018.
1894 4307 1969 4370 Ρ.
2004 4309 2091 4399 Χ.
2128 4316 2277 4375 260.
2390 4313 2395 4318 ’

1241 4410 1367 4471 TB.
1408 4407 1478 4467 P.
1504 4406 1686 4467 VIII.
1725 4408 1902 4468 COS.
1923 4411 2041 4469 IV.
2074 4412 2147 4472 P.
2175 4414 2269 4474 Μ.
2308 4414 2382 4476 Ρ.
2409 4415 2482 4477 Ρ.

1112 4509 1399 4575 Cornelio
1436 4507 1746 4570 Seculare
1778 4509 1871 4574 11.
1892 4550 1911 4584 ,
1958 4510 2150 4574 Iunio
2177 4514 2431 4581 Donato
2475 4534 2608 4583 cos.

1230 4708 1380 4774 Hoc
1428 4728 1630 4785 anno,
1677 4718 1749 4799 ut
1796 4709 2134 4797 plerisque
2177 4712 2431 4795 visum,
2473 4674 2602 4790 Va·

2215 1585 2367 1627 erro
2419 1580 2614 1651 atque
2650 1626 2657 1631 ,

2670 224 2719 247 b

2272 406 3082 543 vA'LEmAst.

2730 647 3022 712 lerianus
3054 669 3088 711 a
3106 647 3330 712 Persis
3357 646 3631 733 capitur.
3680 649 3789 730 (V.
3810 647 4073 714 infr-ain
4100 662 4219 714 ter·

2732 750 2927 812 minis
2961 751 3278 834 imperii.)
3883 806 3887 813 .

2848 852 2964 939 ..Ad
3000 851 3142 935 ejus
3195 853 3426 917 aetatis
3463 851 3854 938 opprobria,
3897 874 4027 940 qua
4068 840 4214 941 opu·

2731 953 3136 1017 lentissimae
3186 953 3448 1039 imperii
3507 954 3885 1038 provinciae
3930 955 4215 1022 barbaris

2728 1054 3000 1136 impune
3034 1055 3102 1115 in
3139 1050 3450 1138 praedam
3495 1076 3795 1133 cessere,
3857 1057 4044 1120 Italia
4084 1057 4214 1142 ipsa

2732 1177 2966 1247 eorum
3011 1158 3468 1222 vexationibus
3501 1159 3741 1241 patuit,
3798 1156 4077 1245 accessit
4115 1179 4216 1223 ex·

2693 1271 3055 1334 'tremum,
3127 1280 3257 1344 quo
3317 1260 3573 1321 nullum
3636 1258 3850 1321 adhuc
3923 1263 4214 1325 Romano

2729 1360 2982 1423 nomini
3024 1358 3385 1437 funestius,
3449 1360 3810 1446 imperator
3851 1361 3992 1445 ipse
4038 1376 4215 1426 extra

2732 1462 2996 1546 imperii
3058 1458 3223 1523 fines
3290 1462 3463 1546 apud
3530 1462 3846 1525 barbaros
3880 1465 4214 1548 captivus.

2734 1561 3281 1656 Quamsindignis
3335 1564 3402 1626 in
3452 1583 3531 1628 ea
3587 1563 3962 1648 captivitate
4004 1562 4214 1629 modis
4324 1614 4329 1618 ·

2727 1665 2813 1726 sit
2856 1663 3155 1741 babitus,
3219 1666 3453 1730 ductus
3495 1666 3564 1729 in
3607 1666 3925 1751 triumphi
3966 1687 4215 1732 morem
4300 1690 4311 1701 '

2725 1787 2850 1852 per
2908 1765 3108 1828 urbes
3164 1768 3439 1832 amictus
3512 1769 3774 1852 imperii
3833 1768 4211 1853 insignibus,

2729 1882 2798 1932 et
2842 1882 3112 1932 onustus
3154 1871 3440 1946 catenis,
3499 1868 3896 1955 functusque
3941 1870 4208 1934 scabelli

2692 1962 2909 2046 tice,
2966 1991 3115 2033 cum
3178 1971 3628 2036 conscendere
3672 1992 3914 2058 equum
3956 1985 4213 2058 pararet
4294 2002 4341 2047 ο,
4428 1986 4429 2033 1

2720 2071 2978 2155 Sapor,
3038 2091 3120 2134 ex
3161 2075 3453 2157 plurium
3508 2074 3902 2161 testimoniis
3960 2074 4215 2157 colligit

2728 2172 3214 2239 Tillemontius.
3301 2178 3511 2240 Inter‘
3540 2189 3640 2238 tot
3672 2188 4011 2261 tantasque
4053 2174 4211 2256 inju-

2664 2363 2669 2367 ,
2722 2271 2857 2336 rias
2894 2289 2961 2338 et
2988 2274 3323 2340 fortunam
3370 2260 3814 2341 calamitosam
3854 2275 4211 2340 verisimile

2723 2388 2863 2454 est,
2909 2376 3073 2439 nihil
3118 2368 3328 2464 aeque
3371 2376 3661 2442 doluisse
3695 2379 3980 2453 misero,
4027 2397 4213 2462 quam

2726 2476 2906 2561 quod
2933 2476 3141 2572 filium
3185 2480 3545 2565 reliquerat
3580 2499 4031 2544 successorem
4075 2498 4214 2543 rec·

2724 2590 3073 2665 toremque
3111 2580 3413 2667 imperii,
3476 2602 3674 2667 quem
3709 2581 3968 2665 paterni
4006 2601 4210 2657 casus,

2724 2694 3029 2766 tanquam
3057 2672 3220 2746 haec
3258 2683 3339 2747 ad
3374 2680 3583 2746 filium
3618 2703 3753 2746 non
3784 2683 4211 2768 pertinerent,

2721 2784 2905 2847 nulla
2962 2771 3271 2869 tangebat
3327 2785 3694 2861 miseratio,
3754 2805 4012 2871 neque,
4067 2804 4214 2848 cum

2723 2904 2849 2967 per
2890 2884 3123 2948 oblata
3172 2887 3462 2950 omnium
3505 2885 4009 2976 provinciarum>
4040 2884 4209 2948 auxi·

2722 2984 2813 3047 lia
2844 3000 3110 3069 posset,
3155 3001 3226 3050 ut
3258 2987 3463 3070 patris
3497 2987 3789 3053 dedecus
3817 2990 4026 3051 ultum
4060 2987 4206 3059 iret,

2724 3103 3008 3169 eumque
3064 3088 3343 3152 vinculis
3404 3089 3765 3166 eximeret,
3833 3087 4207 3174 permoveri

2719 3186 2862 3249 ullo
2905 3200 3099 3271 pacto
3157 3203 3439 3272 poterat.
3529 3191 3711 3286 Quot
3769 3209 3973 3252 annos
4018 3189 4088 3250 in
4129 3206 4208 3252 eo
4326 3272 4334 3283 .
4428 3244 4429 3269 ¹

2719 3302 2889 3351 statu
2922 3288 3288 3367 duraverit,
3331 3291 3678 3356 incertum.
3762 3290 4059 3354 Tandem
4105 3309 4210 3354 ex·

2718 3390 3042 3454 curiatum
3098 3392 3320 3457 vivum
3379 3393 3581 3477 tradit
3654 3384 4003 3476 Agathias,
4069 3391 4208 3477 (alii

2723 3489 2901 3554 istud
2966 3506 3463 3576 postwnortem
3524 3494 3769 3559 factum
3829 3492 4209 3580 perhibent)

2725 3592 3000 3679 ejusque
3046 3591 3349 3659 infelices
3387 3596 3658 3658 exuvias
3688 3616 3771 3659 ex
3806 3597 4039 3680 templi
4072 3596 4210 3659 tho·

2661 3718 2680 3739 ·
2722 3694 2794 3757 lo
2836 3714 3181 3787 suspensas
3204 3740 3221 3773 ,
3267 3709 3340 3758 ut
3371 3712 3591 3760 essent
3617 3698 3864 3760 terrori
3889 3697 4059 3771 illis,
4102 3693 4210 3781 qui

2724 3796 3040 3860 hactenus
3082 3810 3409 3861 terrarum
3455 3799 3683 3862 orbem
3735 3813 3998 3861 terrore
4038 3816 4210 3862 com·

2722 3898 3095 3981 pleveruut.
3138 3898 3294 3962 Fuit
3321 3896 3570 3981 judicio
3588 3900 3913 3964 Trebellii
3930 3901 4033 3964 vir
4049 3920 4213 3962 sum·

2723 4021 2975 4062 marum
3036 3999 3383 4076 virtutum,
3445 4002 3687 4091 quique
3747 4002 3895 4084 jure
3948 4003 4214 4065 merito-

2719 4123 2907 4178 rum,
2970 4096 3038 4166 et
3077 4103 3261 4188 quasi
3299 4121 3382 4164 ex
3425 4102 3626 4165 totius
3674 4102 3855 4164 orbis
3898 4126 4029 4166 una
4072 4123 4214 4166 sen·

2721 4204 2927 4266 tentia
2952 4223 3329 4286 supremum
3362 4200 3693 4288 fastigium
3717 4203 4212 4279 conscenderat,

2724 4298 2791 4367 at
2835 4303 3096 4370 Victori
3156 4303 3433 4367 stolidus
3461 4348 3478 4380 ,
3554 4304 3971 4390 multumque
4038 4305 4212 4367 iners

2725 4404 2941 4469 dictus
2984 4418 3107 4471 est.
3171 4403 3622 4483 Crediderim,
3666 4404 3791 4469 hac
3827 4418 4210 4490 tempestate

2722 4522 2835 4572 aut
2896 4507 3103 4590 magis
3174 4506 3545 4591 prolapsam
3624 4526 3769 4570 rem
3828 4507 4208 4579 Romanam,

2714 4622 2824 4674 aut
2876 4608 3181 4692 majores.
3230 4606 3437 4671 fuisse
3512 4607 3943 4671 barbarorum
4010 4606 4204 4680 vires,

2715 4727 2912 4837 quana
2945 4723 3021 4775 ut
3058 4708 3407 4776 adversum
3437 4707 3604 4773 baec
3634 4707 3803 4772 mals
3838 4708 4202 4774 remedium
