4475 5584
1628 442 2352 521 CARACALLA

451 659 533 704 eo
570 649 863 710 certum,
911 632 1213 718 quoniam
1252 629 1391 712 ejus
1428 629 1691 717 generis
1723 628 1793 691 in
1825 627 1941 690 se-

454 740 627 815 veri,
674 750 741 801 et
793 754 958 820 quae
994 734 1121 796 hoc
1162 734 1375 797 adhuc
1422 733 1784 815 imperante
1836 748 1940 790 re-

453 841 715 927 pudiata
747 837 911 910 fuit,
973 834 1323 898 Plautinae
1365 848 1623 897 moneta
1662 853 1793 893 non
1830 830 1949 892 ha·-

451 942 707 1006 bentur.
760 939 972 1001 Etiam
989 934 1362 1017 hujusmodi
1382 935 1588 999 Getae
1608 931 1939 997 deficiunt.

456 1042 696 1118 Primi,
759 1039 871 1122 qui
923 1051 1142 1099 notam
1200 1036 1732 1119 chronologicam
1780 1031 1979 1096 offe--

455 1157 648 1220 runt,
722 1137 1038 1204 exhibent
1088 1138 1462 1200 Caracallae
1526 1134 1941 1198 tribuniciam

451 1257 845 1332 potestatem
888 1240 1179 1315 XV¹111.‚a
1242 1239 1367 1305 hac
1416 1240 1707 1322 priorem
1779 1258 1940 1319 gaza

459 1348 777 1410 Caesarea
801 1362 931 1403 non
947 1340 1164 1402 habet.
1212 1341 1376 1401 Sunt
1405 1339 1598 1401 etiam
1619 1338 1943 1414 Domnae,

454 1440 695 1529 nempe
742 1465 865 1529 per
937 1440 1058 1503 filii
1115 1442 1461 1522 imperium
1514 1440 1770 1523 signati.
1839 1437 1945 1501 Aa

454 1547 634 1633 quod
684 1566 815 1608 non
848 1543 1130 1609 advertit
1163 1540 1547 1615 Bimardus‚
1593 1540 1706 1625 qui
1749 1559 1945 1602 cusos

456 1648 524 1711 id
562 1666 769 1732 genus
797 1666 1032 1708 numos
1062 1644 1190 1725 jam
1225 1642 1629 1704 subSevero
1665 1638 1830 1701 dixit
1860 1643 1943 1720 ⁸),

455 1749 772 1833 deceptus
822 1745 996 1808 haud
1040 1744 1273 1819 dubie,
1331 1742 1479 1827 quia
1528 1741 1720 1823 hujus
1768 1763 1959 1806 com--

458 1846 648 1914 matis
699 1868 934 1911 numos
987 1867 1135 1910 cum
1175 1846 1386 1928 capite
1412 1846 1711 1906 Domnae
1763 1844 1943 1906 vide·

368 2015 377 2023 ,
453 1966 593 2028 rat3
663 1935 841 2012 at‘in
869 1949 972 2013 his
1023 1944 1333 2031 capienda
1379 1966 1511 2006 non
1553 1958 1651 2007 est
1688 1947 1944 2007 Domna

457 2051 696 2118 Severi
725 2071 932 2125 uxor,
979 2048 1097 2111 sed
1128 2047 1499 2111 Caracallae
1543 2059 1772 2110 mater.
1816 2050 1951 2108 Ne·

464 2172 594 2239 que
640 2171 765 2235 per
798 2150 1173 2214 caracallae
1217 2163 1497 2211 mortem
1551 2146 1783 2209 modus
1835 2147 1944 2210 hic

466 2250 783 2323 abolitus3
845 2273 993 2316 nam
1052 2250 1310 2312 duravit
1366 2249 1433 2309 in
1481 2248 1753 2332 imperia
1805 2250 1945 2311 Ma-

462 2353 653 2430 crini,
699 2352 1124 2437 etElagabali
1156 2370 1630 2414 successorum.
1674 2349 1953 2413 Macrini

458 2469 716 2519 exstant.
778 2475 909 2516 non
955 2453 1203 2537 pauci‚·
1251 2453 1540 2514 rariores
1591 2450 1945 2516 Diadume·

459 2558 673 2632 niani,
754 2553 1098 2637 Elagabali
1165 2554 1582 2638 complures3
1662 2571 1746 2615 ex
1809 2550 1951 2633 ejus

466 2658 693 2721 aetatis
738 2656 1002 2721 seminis
1049 2660 1344 2737 Maesae,
1402 2668 1471 2718 et
1507 2654 1759 2716 Anniae
1786 2652 1955 2716 Fau·-

463 2759 670 2823 stinae
737 2759 985 2820 similes
1035 2770 1316 2820 ostentat
1377 2776 1671 2827 museum
1718 2757 1949 2818 Caesa·

457 2882 641 2924 reum
667 2904 684 2936 ,
768 2875 835 2933 et
880 2859 1223 2944 Elagabali
1254 2912 1258 2917 .
1294 2857 1559 2942 quidem
1630 2871 1948 2941 postremi

459 2975 608 3024 sunt
630 2982 778 3025 cum
798 2961 946 3022 trib.
976 2974 1297 3045 potestate
1323 2960 1403 3020 11.
1451 2962 1722 3032 Tamen,
1770 2956 1949 3040 quod

463 3060 940 3126 observandum
967 3105 984 3137 ,
1069 3083 1202 3125 non
1270 3077 1614 3126 cessavere
1694 3058 1949 3120 interea

459 3163 755 3249 argentei
795 3163 1130 3239 ordinarii,
1176 3146 1243 3225 ἐι
1284 3163 1490 3224 multo
1527 3160 1773 3243 majore
1804 3160 1947 3244 'qui-

464 3264 613 3326 dem
649 3263 839 3346 copia
874 3265 1088 3327 feriri.
1169 3267 1315 3327 Non
1352 3260 1945 3329 observantur‘sub

368 3404 379 3413 ι
456 3365 740 3450 imperio
762 3364 1135 3442 Alexandri,
1179 3364 1519 3427 Maximini
1553 3377 1620 3427 et
1648 3363 1947 3448 priorum

460 3466 981 3543 Gordianorum,
1055 3481 1120 3531 at
1182 3479 1555 3550 resumptus
1619 3485 1762 3531 mos
1825 3462 1946 3525 sub

458 3568 776 3645 Balbino,
819 3582 888 3632 et
920 3569 1242 3653 Pupieno,
1288 3578 1361 3630 ac
1391 3565 1745 3651 praecipue
1782 3564 1951 3627 Gor·

457 3670 652 3735 diano
685 3671 838 3747 111„
899 3670 1019 3732 sub
1068 3689 1200 3755 quo
1232 3666 1747 3751 frequentissimi
1796 3678 1948 3729 sunt

457 3772 615 3835 novi
679 3770 874 3853 hujus
938 3770 1217 3845 instituti
1260 3769 1499 3847 numi,
1574 3783 1642 3832 et
1690 3768 1951 3831 duravit

455 3870 659 3947 illud,
729 3870 899 3933 dum.
945 3890 1053 3934 res
1112 3871 1473 3935 monetaria
1522 3892 1785 3957 pessum
1847 3870 1948 3933 ire

456 3973 696 4057 coepit.
750 3972 1027 4038 Factum
1063 3971 1377 4057 exposui,
1434 3985 1500 4034 at
1538 3973 1694 4039 novi
1746 3972 1951 4037 moris

459 4093 721 4141 causam
747 4095 855 4140 me
889 4075 1196 4160 ignorare
1229 4071 1568 4158 profiteor.

843 4246 1128 4308 Nomina
1175 4244 1569 4305 Caracallae.

585 4384 964 4444 Bassianus.
1049 4381 1202 4443 Hoc
1269 4391 1511 4441 nomen
1575 4376 1680 4440 illi
1734 4377 1950 4443 adhue

3393 474 3532 540 221

2052 649 2261 713 puero
2283 643 2348 692 et
2374 627 2628 713 privato
2655 629 2801 705 suit,
2845 630 3121 695 inditum
3155 655 3236 699 ex
3271 640 3572 715 nomine.

2054 730 2157 790 avi
2206 731 2487 794 materni
2517 729 2621 808 ¹²),
2697 732 3116 817 duravitque,
3194 737 3407 803 donee
3453 743 3571 806 ab·-

2051 831 2309 895 i‘ntrusa
2367 833 2676 895 Antonini
2730 834 3170 917 appellatione
3236 842 3576 921 extrudem-
3632 852 3640 871 ‘

2054 948 2260 997 retur.
2319 935 2595 1001 Peracta
2630 934 2774 1016 ejus
2805 934 3007 1003 caede
3042 958 3166 1020 per
3194 961 3542 1015 commune

2058 1034 2349 1097 omnium
2398 1032 2622 1099 odium
2668 1037 3016 1100 Bassianus
3075 1062 3334 1106 rursum
3389 1064 3544 1111 con-

2055 1136 2356 1219 temptim
2392 1135 2522 1198 dici
2556 1138 2775 1221 coepit
2807 1138 2890 1217 c).
2936 1141 3181 1203 Verum
3215 1147 3282 1206 in
3316 1168 3545 1213 monu-

2054 1237 2294 1298 mentis
2312 1236 2593 1320 publicis
2628 1260 2867 1302 nomen
2890 1238 3062 1300 istud
3086 1263 3201 1306 seu
3229 1250 3548 1328 nativum,

2056 1358 2172 1400 seu
2204 1338 2748 1402 contumeliosum
2785 1360 2917 1403 non
2953 1342 3217 1428 legitur.

2191 1445 2275 1501 M.
2314 1444 2620 1503 Aurelius
2648 1446 3030 1505 Antoninus.
3097 1445 3364 1511 lllustre
3414 1449 3544 1517 hoc

2055 1560 2299 1602 nomen
2329 1539 2472 1604 filio
2504 1563 2626 1626 pro
2658 1541 2941 1605 obscuro
2978 1546 3267 1622 Bassiani
3308 1549 3568 1619 indidit,

2060 1642 2385 1718 Severus,
2448 1663 2595 1719 cum
2643 1665 2793 1707 eum
2832 1644 3174 1711 Caesarem
3228 1649 3395 1734 apud
3435 1653 3549 1721 Vi·

2059 1743 2408 1805 minacium
2459 1746 2849 1829 appellavit,
2912 1758 2984 1807 ut
3020 1749 3228 1810 refert
3258 1752 3549 1836 Spartia-

2056 1864 2181 1904 nus
2214 1842 2278 1922 d)
2304 1889 2321 1921 ,
2368 1844 2543 1928 quod
2580 1844 2821 1909 factum
2863 1846 3143 1913 diximus
3176 1850 3255 1915 V.
3296 1854 3367 1916 C.
3399 1864 3568 1938 949.-

2057 1943 2270 2006 Datae
2302 1945 2444 2029 ejus
2474 1947 2927 2032 appellationis
2959 1949 3260 2035 frivolam
3286 1974 3566 2020 causam·

2059 2044 2313 2122 adfert,
2392 2047 2568 2130 quod
2624 2051 3061 2116 somniaverat
3112 2069 3302 2138 pater
3348 2058 3555 2123 Ante·

2057 2138 2285 2208 ninum
2333 2147 2457 2208 sibi
2507 2170 2997 2228 successurum,
3066 2176 3268 2240 quam
3305 2158 3557 2243 repetit

2059 2268 2324 2332 qnoque
2363 2251 2780 2335 Lampridius
2813 2255 2894 2336 e).
2955 2256 3284 2339 Spartiani
3321 2261 3553 2323 verisi-

2068 2350 2293 2410 milior
2320 2351 2524 2413 altera
2555 2366 2693 2429 est,
2739 2357 3041 2437 quoniam
3078 2359 3365 2424 Severus
3408 2364 3558 2446 ipse

2065 2449 2132 2510 in
2164 2450 2373 2512 Marci
2406 2450 2718 2517 familiam
2756 2456 3032 2529 transire
3075 2462 3322 2535 voluit,
3365 2463 3567 2525 nimi-

2064 2572 2212 2614 rum
2274 2565 2345 2614 ut
2410 2551 2589 2627 sibi,'
2633 2567 2827 2638 atque
2889 2557 3192 2642 imposita
3240 2560 3379 2626 filio
3423 2565 3556 2626 An·

2064 2652 2274 2715 tonini
2310 2653 2749 2736 appellatione
2777 2658 2925 2740 plus
2961 2661 3402 2739 auctoritatis,
3463 2678 3555 2727 at-

2063 2772 2192 2838 que
2225 2754 2721 2818 existimationis
2755 2759 3057 2840 publicae
3117 2779 3552 2843 accresceret,

2063 2854 2147 2916 de
2182 2874 2313 2938 quo
2343 2855 2663 2937 prolixius
2697 2858 2810 2940 egi
2842 2859 2908 2920 in
2941 2862 3192 2924 Severo
3226 2863 3306 2931 V.
3324 2866 3396 2929 C.
3428 2867 3558 2944 948

2062 2954 2146 3019 ad
2198 2976 2502 3017 numum:
2557 2957 2762 3025 DIVI.
2815 2963 2904 3021 M.
2957 2964 3090 3023 P11.
3131 2965 3207 3024 F.
3297 2965 3553 3061 Quanta

2064 3078 2225 3121 vero
2290 3057 2492 3119 fuerit
2561 3079 2637 3121 ea
2708 3074 2920 3123 aetate
2993 3065 3379 3147 superstitio
3441 3089 3558 3131 no·

2062 3159 2257 3224 minis
2305 3160 2762 3241 Antoniniani,
2816 3163 3076 3227 abunde
3125 3158 3322 3232 docet
3365 3168 3558 3233 Lam-

2060 3261 2319 3346 pridius
2366 3260 2438 3344 ¹).

2188 3367 2484 3429 Severus.
2544 3369 2804 3430 Nomen
2845 3358 3056 3447 istud,
3116 3382 3262 3435 utut
3294 3392 3333 3434 a
3369 3386 3562 3456 patre.

2062 3462 2574 3542 hereditarium,
2631 3488 2849 3553 neque
2893 3470 3282 3555 scriptores,
3337 3493 3558 3558 neque

2059 3568 2244 3629 numi
2296 3569 2512 3631 Latini
2557 3570 2930 3639 Caracallae
2995 3572 3368 3635 adstruunt..
3435 3575 3558 3639 'I'a-

2060 3689 2214 3731 men
2268 3669 2336 3730 in
2393 3670 2609 3732 numia
2660 3672 3054 3734 Graecarum
3107 3674 3366 3738 urbium
3425 3676 3563 3740 fre·

2063 3783 2345 3855 quenter
2390 3769 2640 3833 dicitur
2680 3766 3196 3852 CCOTHPOC,
3253 3773 3348 3841 ut*
3375 3791 3443 3843 et
3488 3778 3554 3840 in

2063 3870 2500 3934 marmoribus
2546 3870 2797 3937 Latinis
2829 3875 2915 3954 ὅ).

2088 4020 2097 4026 .
2187 3976 2366 4037 Pms.
2425 3973 2574 4037 Hoc
2605 3973 2706 4045 illi
2737 3994 2978 4039 nomen
3018 3994 3166 4041 cum
3202 3989 3425 4060 patre,
3484 3995 3556 4045 et

2061 4071 2271 4136 fratre
2326 4094 2685 4140 commune.
2757 4074 2958 4154 (Vide
3003 4078 3376 4160 Severum.)
3452 4082 3555 4143 Eo

2061 4172 2132 4240 in
2163 4173 2379 4236 numis
2410 4176 2504 4239 uti
2528 4176 2745 4259 coepit
2764 4197 2932 4239 anno
2950 4174 3215 4241 demum
3235 4181 3314 4249 V..
3334 4179 3385 4243 C
3404 4189 3554 4267 954.Ἰ

2065 4278 2140 4341 In
2171 4297 2374 4339 numo
2410 4277 2666 4340 Graeco
2700 4271 2982 4341 neloc
3013 4275 3100 4359 ¹¹).

2194 4381 2404 4442 Felice.
2465 4380 2662 4442 Hunc
2693 4378 2958 4443 titulum
2984 4380 3262 4468 collegit
3290 4405 3334 4448 a
3365 4384 3557 4451 Com·

529 4617 593 4687 a)
634 4614 714 4672 nd
744 4612 959 4671 fobert.
997 4613 1066 4670 Τ.
1101 4611 1145 4670 Ι.
1174 4632 1237 4688 p.
1270 4613 1361 4675 60.
1406 4651 1418 4660 -

459 4704 590 4763 Sev.
623 4722 674 4763 c.
710 4717 815 4766 to..
869 4704 929 4777 e)
967 4700 1030 4759 in
1061 4698 1317 4761 Diadum
1349 4720 1403 4764 c.
1436 4702 1503 4766 6..
1564 4702 1620 4774 f)
1657 4699 1699 4764 1.
1741 4722 1794 4765 c.

1471 4609 1540 4685 b)
1579 4608 1791 4672 Victor
1816 4611 1965 4671 alter
1993 4612 2054 4669 in
2085 4615 2297 4675 Carae.

2428 4614 2489 4685 c)
2531 4609 2644 4673 nio
2673 4613 3083 4675 1..1„xxv111.
3122 4622 3174 4692 ι.
3217 4633 3272 4694 9.
3384 4618 3454 4696 d)
3489 4620 3554 4681 tn

1904 4703 1969 4781 g)
2008 4702 2246 4763 Gruter.
2283 4722 2342 4781 p.
2374 4706 2501 4771 267.
2537 4714 2593 4768 7.
2665 4702 2746 4780 h)
2775 4704 3036 4768 Pullarin
3060 4708 3195 4769 Met.
3226 4709 3303 4773 11.
3333 4732 3393 4793 p.
3428 4724 3552 4779 151.
