4475 5584
1508 426 2406 590 TREBomAst(

391 667 634 734 lusiani
664 661 881 731 immis
921 666 1252 731 tribunatu
1288 668 1401 735 lV.
1437 668 1697 731 notatis.
1740 673 1890 735 Hoc

388 771 746 838 constituto
773 768 867 832 sic
893 768 1342 832 verisimiliter
1359 769 1661 854 procedit
1686 771 1889 839 histo·

387 875 509 939 ria.
554 875 638 942 V.
674 873 748 937 C.
795 872 955 933 1000
1002 870 1180 933 forte
1227 885 1509 935 exeunte
1552 868 1784 933 lulio
1764 895 1882 936 tm·

384 974 643 1061 perium
705 975 774 1035 in
845 972 1097 1037 Moesia
1166 972 1397 1057 arripit
1457 972 1880 1038 Aemilianus.

387 1081 462 1141 ln
499 1076 641 1160 ejus
677 1090 898 1160 partes
945 1056 1395 1138 transitionem
1441 1071 1688 1136 faciunt
1728 1075 1885 1138 Cili

390 1200 541 1255 ces,
589 1199 870 1263 quorum
909 1177 1067 1240 urbs
1111 1179 1334 1260 Aegae
1380 1176 1692 1239 continuo
1730 1198 1880 1241 cum

389 1279 534 1361 ejus
575 1299 656 1342 ac
710 1280 911 1342 Corn.
951 1280 1246 1362 Super-ae
1296 1278 1581 1362 imagine
1643 1299 1916 1342 numos.-

388 1382 589 1458 ferit,
651 1394 995 1465 antequam
1055 1378 1197 1460 ejus
1256 1400 1460 1442 annus
1519 1375 1691 1443 &qe
1735 1382 1877 1445 fors

390 1496 675 1547 exeunte
705 1480 986 1545 Octobri
1003 1462 1400 1563 exspiraret.
1438 1481 1697 1544 Interea
1727 1482 1883 1545 Ale·

389 1585 690 1650 xandrini
726 1584 795 1646 in
835 1582 967 1645 fide
1004 1601 1162 1664 erga
1198 1581 1686 1645 'l'rebonianum
1731 1592 1883 1666 per-

389 1688 661 1763 sistunt,
707 1684 819 1770 qui
857 1703 1092 1746 numos
1129 1682 1205 1742 L.
1239 1675 1319 1741 Γ.
1347 1704 1492 1747 cum
1532 1684 1675 1766 ejus
1710 1684 1881 1769 capi.

388 1803 455 1853 te
482 1788 636 1852 inde
665 1809 704 1849 a
737 1785 844 1849 die
877 1786 1116 1848 xxlx.
1151 1784 1428 1867 Augusti
1466 1783 1656 1848 feriri
1687 1806 1882 1870 coep-

386 1908 490 1956 tos
525 1908 762 1973 magno
796 1905 1075 1949 numero
1107 1884 1370 1965 signare
1399 1899 1703 1968 pergunt.
1752 1890 1879 1948 Au:-

371 1992 522 2071 ‚dita
549 1990 904 2055 Aemiliani
929 1986 1392 2072 perduellione
1419 1985 1877 2048 Trebonianus

382 2094 739 2163 Valeriano
780 2090 923 2172 ejus
958 2090 1139 2152 bello
1175 2086 1618 2172 persequendi
1650 2102 1873 2150 curam

386 2196 758 2262 demandat.
820 2192 884 2253 Is
923 2190 1198 2253 militem
1244 2191 1313 2251 in
1351 2188 1565 2252 Gallia
1612 2202 1681 2251 et
1713 2189 1886 2251 Ger·¹

381 2299 598 2361 mania
635 2293 1000 2369 contrahit,
1046 2290 1167 2355 sed
1200 2311 1449 2353 moram
1489 2289 1701 2373 injicit
1735 2290 1874 2354 sive

381 2399 619 2484 pestis,
665 2416 831 2483 quae
874 2414 953 2458 eo
999 2408 1297 2477 tempore
1339 2413 1462 2475 per
1502 2393 1875 2477 provincias

385 2501 647 2576 saeviit,
708 2498 847 2561 sive
891 2495 995 2559 rei
1037 2494 1456 2580 pecuniariae
1512 2494 1873 2579 angustiae,

382 2604 522 2667 sive
557 2598 853 2686 perfidia,
898 2597 1034 2662 sive
1057 2615 1484 2683 quaecunque
1504 2597 1630 2658 alia
1660 2617 1874 2672 causa,

301 2748 308 2757 ·
384 2725 582 2791 qnam
613 2703 1016 2786 ignoramus.
1085 2702 1388 2763 Exeunte
1423 2719 1592 2761 anno
1623 2698 1873 2760 ltaliam

379 2808 581 2869 intrat
638 2800 1043 2867 Aemilianus
1088 2813 1320 2885 coepta
1377 2796 1875 2884 persecuturus.

382 2910 574 2973 Circa
613 2906 789 2971 idem
828 2920 1085 2989 tempus
1118 2900 1506 2969 Valerianus
1550 2900 1620 2962 in
1662 2899 1875 2965 Rhae-

380 3010 500 3086 tia‚
545 3029 662 3072 seu
706 3007 883 3093 quod
928 3003 1330 3069 'l‘reboniani
1376 3021 1633 3066 causam
1678 3020 1875 3084 prop-

381 3124 488 3176 ter
526 3111 668 3193 ejus
696 3109 1019 3194 ignaviam
1052 3106 1471 3189 des‘peraret,
1518 3124 1634 3166 seu
1663 3103 1873 3185 copiis

381 3213 517 3278 suis
571 3211 784 3275 frctus
829 3211 1300 3293 imperatorem
1352 3224 1500 3269 sese
1561 3205 1871 3289 appellat,

381 3329 449 3378 et
495 3313 835 3378 consulem
881 3314 951 3372 s'e
998 3331 1149 3373 cum
1191 3307 1331 3370 filio
1375 3307 1444 3367 in
1489 3327 1725 3367 annum
1773 3325 1873 3368 se-

381 3430 691 3502 quentem
727 3414 1042 3495 designat.
1090 3410 1213 3475 Init
1257 3430 1461 3473 annus
1493 3409 1575 3475 V.
1600 3409 1670 3469 C.
1714 3425 1870 3503 ¹⁰07

311 3496 330 3515 Ι
377 3535 445 3583 et
492 3516 892 3581 Treboniani
938 3513 1299 3581 tribunatus
1344 3506 1457 3573 IV.
1514 3490 1676 3592 Ejus
1720 3509 1871 3572 anni

379 3624 589 3688 altero
660 3617 928 3681 circiter
997 3632 1225 3676 mense
1287 3616 1379 3674 1⁸1
1385 3610 1744 3673 ebomanus
1803 3625 1872 3673 et

379 3720 772 3793 Volusianus
864 3717 1351 3799 interimuntur.
1438 3711 1868 3803 Aemilianus,

378 3826 527 3911 quia
583 3839 931 3907 praesens,
1010 3819 1371 3900 imperator
1425 3814 1510 3877 ab
1570 3817 1870 3878 exercitu

376 3941 657 4009 utroque
675 3968 700 4013 ².
736 3936 804 3985 et
834 3917 1557 4007 patribus-agnoscitur.
1604 3915 1867 3977 Bellum

376 4026 690 4109 deinceps
733 4023 1173 4085 Aemilianum
1232 4020 1405 4083 inter
1463 4030 1533 4080 et
1573 4016 1869 4083 Valeria-

372 4150 550 4192 num.
639 4126 762 4189 llle
834 4123 974 4185 sive
1005 4166 1014 4173 -
1047 4132 1316 4184 suorum
1394 4119 1648 4203 gladio,
1726 4117 1865 4180 sive

374 4229 607 4292 morbo
637 4224 989 4301 occumbit,
1023 4222 1412 4291 Valerianus
1446 4241 1613 4283 unus
1639 4239 1865 4282 rerum

374 4331 655 4416 potitur,
701 4346 853 4390 eum
891 4324 1233 4388 consulem
1275 4344 1424 4387 cum
1459 4320 1599 4386 filio
1634 4341 1868 4405 agnos·

372 4447 530 4498 cunt
571 4429 726 4494 fasti
766 4424 1029 4489 abolitis
1071 4426 1436 4510 prioribus,
1481 4425 1596 4509 qui
1625 4444 1864 4486 annum

3339 498 3483 582 ³65

2003 672 2364 757 aperuere,
2405 671 2587 765 quod
2636 671 2793 763 olim
2844 685 2915 738 et
2965 672 3085 740 sub
3126 676 3488 766 Elagabalo

1999 774 2270 840 factum.
2530 840 2543 847 ,
2587 846 2608 879 s

2126 878 2232 940 En
2287 877 2736 962 probabilem,
2800 889 2876 941 ut
2932 876 3493 965 opinor„rerum

2001 992 2312 1061 eventum
2370 978 2729 1043 secundum
2791 999 3141 1044 numerum
3199 983 3497 1045 testimo·

1996 1080 2214 1155 nium,
2276 1093 2343 1144 et
2395 1101 2611 1166 neque
2673 1080 3045 1156 historicis,
3089 1097 3199 1145 aut
3259 1086 3499 1146 saltem

1996 1179 2231 1261 majori
2275 1200 2506 1244 eorum
2566 1181 2736 1265 parti
2791 1181 3159 1245 adversum.
3225 1162 3493 1249 Etenim

1993 1282 2272 1344 testibus
2299 1281 2614 1356 Eusebio,
2642 1282 3061 1358 cassiodoro,
3094 1284 3491 1369 Epiphanio,

1992 1372 2357 1457 lornande‚
2418 1404 2582 1467 quos
2635 1384 2856 1446 laudat
2910 1383 3375 1449 Tillemontius
3408 1388 3490 1467 ⁸),

1993 1482 2296 1567 regnavit
2339 1483 2794 1547 Trebonianus
2847 1506 3052 1549 annos
3095 1487 3179 1550 11.
3227 1507 3491 1552 menses

1994 1583 2140 1660 1V.,
2183 1603 2424 1668 nempe
2464 1582 2845 1648 tantundem
2891 1587 3244 1671 temporis,
3290 1610 3493 1673 quan·

1991 1697 2132 1747 tum
2180 1686 2251 1747 in
2298 1698 2443 1749 mea
2480 1684 2776 1750 doctrina
2812 1684 2955 1770 ejus
2989 1687 3341 1772 imperium
3380 1710 3489 1756 oc-

1995 1801 2211 1870 cupat.
2267 1788 2372 1850 Ad
2422 1788 2585 1850 haec
2629 1790 2917 1863 Zonaras
2946 1790 3327 1853 Aemiliano
3371 1791 3494 1853 im·

1962 1887 2163 1971 ‚perii
2198 1907 2458 1952 menses
2494 1891 2609 1955 lV.
2642 1888 2895 1953 tribuit.
2940 1890 3091 1986 Quo
3122 1892 3337 1954 miuus
3375 1913 3492 1957 no·

1994 2003 2190 2055 atrae
2210 1988 2438 2051 aetatis
2476 1982 2873 2072 chronologi
2914 1990 3151 2054 horum
3193 1994 3488 2056 testimo-

1990 2089 2118 2151 niis
2155 2089 2669 2167 subscriberent,
2703 2090 3045 2175 prohibuit
3074 2090 3221 2157 fere
3253 2093 3488 2158 unicus

1989 2190 2329 2258 Valeriani
2373 2193 2789 2269 consulatus,
2834 2194 2947 2278 qui
2982 2206 3199 2258 tamen
3246 2209 3314 2259 et
3345 2196 3489 2281 ipse

1992 2311 2090 2368 ea,
2126 2313 2252 2377 qua
2282 2290 2449 2368 dixi,
2487 2293 2743 2357 ratione
2776 2314 2908 2357 non
2941 2294 3308 2360 difficulter
3338 2316 3488 2361 sese

1989 2391 2465 2457 adcommodat.
2539 2395 2727 2490 Quae
2772 2393 2857 2459 de
2882 2396 3241 2464 ¹Volusiani
3284 2398 3489 2462 tribu·

1937 2542 1948 2555 .
1989 2508 2146 2557 natu
2184 2496 2296 2563 lv.
2357 2495 2794 2580 objiciuntur,
2858 2495 2927 2557 in
2977 2496 3172 2582 hujus
3219 2504 3483 2565 moneta

1992 2596 2315 2680 explicata
2355 2596 2677 2681 reperies.
2754 2624 2759 2627 ·

2116 2700 2502 2761 Postremus
2537 2699 3060 2764 Sanclementius
3102 2722 3338 2766 novam
3369 2723 3489 2765 nu·

1986 2820 2110 2885 per
2185 2798 2524 2883 ingressus
2597 2814 2696 2865 est
2757 2802 2930 2865 viam
2989 2798 3071 2863 ad
3124 2803 3485 2867 molestum

1986 2901 2162 2964 hunc
2190 2899 2366 2962 Galli
2398 2902 2797 2966 tribunatum
2822 2903 2934 2969 1V.
2956 2902 3369 2968 enodandum
3399 2900 3482 2984 ¹³).

1984 3003 2369 3073 Verisimile
2401 3003 2504 3067 illi
2534 3004 2777 3081 visum,
2823 3002 3313 3069 Treb'onianum
3345 3027 3483 3070 non

1988 3129 2025 3170 a
2069 3120 2373 3189 tempore
2427 3106 2656 3170 mortis
2706 3104 2931 3180 Decii,
2977 3105 3097 3168 sed
3142 3107 3484 3192 Philippo·

1945 3192 1950 3203 ’
1986 3228 2135 3270 r-um
2168 3227 2373 3271 annos
2413 3206 2676 3291 imperii
2709 3207 2813 3269 sui
2846 3228 3197 3270 numerare
3228 3211 3484 3295 coepis-

1987 3329 2093 3384 se,
2146 3321 2342 3393 atque
2390 3306 2566 3370 istud
2621 3306 2927 3390 exemplo
2964 3309 3235 3385 Severi,
3283 3331 3483 3396 quem

1985 3411 2179 3487 item,
2242 3409 2361 3486 ait,
2419 3407 2679 3475 omissis
2721 3408 3072 3474 Pertinace
3115 3426 3184 3475 et
3226 3412 3482 3477 Iuliano

1983 3498 2374 3573 initium'sui
2400 3510 2806 3596 principatus
2834 3532 2872 3573 a
2896 3510 3100 3574 caede
3136 3514 3483 3578 Commodi

1983 3609 2189 3676 fuisse
2225 3611 2650 3696 auspicatum.
2723 3611 2887 3696 Ejus
2924 3632 3222 3689 causam,
3286 3629 3355 3679 ut
3387 3618 3484 3680 vi·

1981 3734 2161 3788 sum,
2222 3712 2636 3796 probabilem
2690 3710 2946 3791 adfert,
3010 3714 3186 3799 quod
3229 3716 3478 3781 Decius

1981 3813 2136 3899 trib.
2180 3826 2530 3897 potestate,
2568 3834 2769 3898 quam
2816 3837 2944 3878 una
2988 3837 3137 3879 cum
3174 3819 3477 3883 censoria

1986 3913 2325 3999 dignitate,
2358 3914 2505 3996 jure
2536 3916 2800 3998 quintae
2829 3917 3193 3993 relationis,
3226 3932 3296 3981 et
3329 3939 3480 4002 pro·

1984 4014 2317 4078 consulari
2354 4014 2632 4098 imperio
2669 4017 2918 4078 senatui
2949 4017 3329 4101 populoque
3372 4037 3479 4079 re-

1982 4116 2227 4191 stituit,
2288 4115 2431 4197 ipse
2475 4115 2715 4191 caruit,
2779 4137 2853 4179 ac
2900 4131 3249 4202 propterea
3292 4118 3476 4182 nulla

1982 4217 2126 4300 ejus
2150 4216 2220 4278 in
2249 4214 2465 4278 numia
2492 4213 2662 4278 facta
2685 4215 3040 4282 mentione.
3071 4217 3294 4314 Quare
3314 4222 3479 4283 Tre·

1978 4317 2371 4393 boninum,
2409 4335 2495 4379 ne
2526 4336 2651 4401 per
2678 4317 3017 4380 biennium
3045 4336 3223 4401 resp.
3255 4338 3334 4382 ea
3356 4341 3474 4404 po·

1981 4416 2217 4485 testate
2262 4418 2553 4483 caruisse
2594 4417 2968 4495 videretur,
3015 4418 3290 4485 eandem
3334 4442 3475 4485 mo·

373 4604 3468 4656 ‘qm

442 4750 502 4817 a)
543 4727 696 4805 Nota
733 4741 835 4802 111.
875 4739 939 4799 iu
976 4737 1234 4799 Gallum.
1275 4700 1290 4713 ·

1435 4734 1504 4804 b)
1546 4730 1621 4788 de
1661 4727 1817 4808 vulg.
1858 4747 1992 4787 aera
2029 4746 2165 4808 pag.
2189 4734 2314 4793 304.
2334 4746 2453 4803 seq.

3550 4602 3577 4637 l
