<?xml version="1.0" encoding="UTF-8"?>
<!DOCTYPE html PUBLIC "-//W3C//DTD XHTML 1.0 Transitional//EN"
    "http://www.w3.org/TR/xhtml1/DTD/xhtml1-transitional.dtd">
<html xmlns="http://www.w3.org/1999/xhtml" xml:lang="en" lang="en">
 <head>
  <title>
</title>
<meta http-equiv="Content-Type" content="text/html;charset=utf-8" />
  <meta name='ocr-system' content='tesseract 3.04.00' />
  <meta name='ocr-capabilities' content='ocr_page ocr_carea ocr_par ocr_line ocrx_word'/>
</head>
<body>
  <div class='ocr_page' id='page_1' title='image "./doctrinanumorum09unkngoog_0239.png"; bbox 0 0 4475 5584; ppageno 0'>
   <div class='ocr_carea' id='block_1_1' title="bbox 1478 482 2192 564">
    <p class='ocr_par' dir='ltr' id='par_1_1' title="bbox 1478 482 2192 564">
     <span class='ocr_line' id='line_1_1' title="bbox 1478 482 2192 564; baseline 0.01 -8"><span class='ocrx_word' id='word_1_1' title='bbox 1478 482 2192 564; x_wconf 75' lang='lat' dir='ltr'><strong>PLAVTILLA.</strong></span> 
     </span>
    </p>
   </div>
   <div class='ocr_carea' id='block_1_2' title="bbox 345 665 1848 1664">
    <p class='ocr_par' dir='ltr' id='par_1_2' title="bbox 345 665 1848 1664">
     <span class='ocr_line' id='line_1_2' title="bbox 358 665 1846 753; baseline 0.001 -22"><span class='ocrx_word' id='word_1_2' title='bbox 358 666 623 753; x_wconf 86' lang='lat' dir='ltr'><strong>quidem</strong></span> <span class='ocrx_word' id='word_1_3' title='bbox 647 707 665 741; x_wconf 91' lang='lat'><strong>,</strong></span> <span class='ocrx_word' id='word_1_4' title='bbox 712 681 880 749; x_wconf 87' lang='lat' dir='ltr'><strong>qnae</strong></span> <span class='ocrx_word' id='word_1_5' title='bbox 908 677 1325 731; x_wconf 80' lang='lat' dir='ltr'><strong>monumenta</strong></span> <span class='ocrx_word' id='word_1_6' title='bbox 1364 665 1624 749; x_wconf 86' lang='lat' dir='ltr'><strong>publiea</strong></span> <span class='ocrx_word' id='word_1_7' title='bbox 1656 688 1846 751; x_wconf 73' lang='lat' dir='ltr'><strong>prae-</strong></span> 
     </span>
     <span class='ocr_line' id='line_1_3' title="bbox 349 768 1844 851; baseline -0.002 -17"><span class='ocrx_word' id='word_1_8' title='bbox 349 769 679 845; x_wconf 74' lang='lat' dir='ltr'><strong>ferebant,</strong></span> <span class='ocrx_word' id='word_1_9' title='bbox 720 780 1127 851; x_wconf 75' lang='lat' dir='ltr'><strong>parceretur.</strong></span> <span class='ocrx_word' id='word_1_10' title='bbox 1181 769 1512 829; x_wconf 75' lang='lat' dir='ltr'><strong>Marmora</strong></span> <span class='ocrx_word' id='word_1_11' title='bbox 1546 768 1704 842; x_wconf 89' lang='lat' dir='ltr'><strong>alia,</strong></span> <span class='ocrx_word' id='word_1_12' title='bbox 1762 791 1844 833; x_wconf 88' lang='lat' dir='ltr'><strong>ex</strong></span> 
     </span>
     <span class='ocr_line' id='line_1_4' title="bbox 350 865 1844 956; baseline 0.003 -25"><span class='ocrx_word' id='word_1_13' title='bbox 350 869 586 954; x_wconf 79' lang='lat' dir='ltr'><strong>quibus</strong></span> <span class='ocrx_word' id='word_1_14' title='bbox 624 888 883 931; x_wconf 80' lang='lat' dir='ltr'><strong>erasum</strong></span> <span class='ocrx_word' id='word_1_15' title='bbox 914 865 1523 945; x_wconf 79' lang='lat' dir='ltr'><strong>Plautianinomen,</strong></span> <span class='ocrx_word' id='word_1_16' title='bbox 1569 871 1844 956; x_wconf 81' lang='lat' dir='ltr'><strong>collegit</strong></span> 
     </span>
     <span class='ocr_line' id='line_1_5' title="bbox 352 966 1840 1056; baseline 0.001 -21"><span class='ocrx_word' id='word_1_17' title='bbox 352 971 436 1035; x_wconf 80' lang='lat' dir='ltr'><strong>cl.</strong></span> <span class='ocrx_word' id='word_1_18' title='bbox 500 966 906 1033; x_wconf 84' lang='lat' dir='ltr'><strong>Fontaninus</strong></span> <span class='ocrx_word' id='word_1_19' title='bbox 980 968 1048 1031; x_wconf 89' lang='lat' dir='ltr'><strong>in</strong></span> <span class='ocrx_word' id='word_1_20' title='bbox 1133 971 1268 1033; x_wconf 86' lang='lat' dir='ltr'><strong>suis</strong></span> <span class='ocrx_word' id='word_1_21' title='bbox 1324 972 1840 1056; x_wconf 66' lang='lat' dir='ltr'><strong>Antiquitatibus</strong></span> 
     </span>
     <span class='ocr_line' id='line_1_6' title="bbox 350 1071 1845 1150; baseline 0 -13"><span class='ocrx_word' id='word_1_22' title='bbox 350 1077 643 1148; x_wconf 83' lang='lat' dir='ltr'><strong>Hortae,</strong></span> <span class='ocrx_word' id='word_1_23' title='bbox 686 1071 802 1134; x_wconf 85' lang='lat' dir='ltr'><strong>sed</strong></span> <span class='ocrx_word' id='word_1_24' title='bbox 835 1072 899 1133; x_wconf 92' lang='lat' dir='ltr'><strong>in</strong></span> <span class='ocrx_word' id='word_1_25' title='bbox 944 1072 1276 1133; x_wconf 81' lang='lat' dir='ltr'><strong>nonnullis</strong></span> <span class='ocrx_word' id='word_1_26' title='bbox 1308 1092 1455 1135; x_wconf 90' lang='lat' dir='ltr'><strong>eum</strong></span> <span class='ocrx_word' id='word_1_27' title='bbox 1497 1073 1845 1150; x_wconf 81' lang='lat' dir='ltr'><strong>fefellisse,</strong></span> 
     </span>
     <span class='ocr_line' id='line_1_7' title="bbox 349 1174 1848 1239; baseline 0 0"><span class='ocrx_word' id='word_1_28' title='bbox 349 1174 607 1239; x_wconf 73' lang='lat' dir='ltr'><strong>erudite</strong></span> <span class='ocrx_word' id='word_1_29' title='bbox 659 1174 1131 1236; x_wconf 76' lang='lat' dir='ltr'><strong>demonstravit</strong></span> <span class='ocrx_word' id='word_1_30' title='bbox 1167 1174 1480 1236; x_wconf 87' lang='lat' dir='ltr'><strong>Camillus</strong></span> <span class='ocrx_word' id='word_1_31' title='bbox 1522 1176 1848 1239; x_wconf 74' lang='lat' dir='ltr'><strong>Silvester</strong></span> 
     </span>
     <span class='ocr_line' id='line_1_8' title="bbox 348 1274 1842 1360; baseline 0.001 -23"><span class='ocrx_word' id='word_1_32' title='bbox 348 1279 417 1337; x_wconf 86' lang='lat' dir='ltr'><strong>in</strong></span> <span class='ocrx_word' id='word_1_33' title='bbox 490 1275 766 1359; x_wconf 84' lang='lat' dir='ltr'><strong>epistola</strong></span> <span class='ocrx_word' id='word_1_34' title='bbox 834 1275 916 1337; x_wconf 92' lang='lat' dir='ltr'><strong>ad</strong></span> <span class='ocrx_word' id='word_1_35' title='bbox 970 1274 1347 1360; x_wconf 82' lang='lat' dir='ltr'><strong>Philippum</strong></span> <span class='ocrx_word' id='word_1_36' title='bbox 1408 1276 1717 1339; x_wconf 70' lang='lat' dir='ltr'><strong>Turi-ium</strong></span> <span class='ocrx_word' id='word_1_37' title='bbox 1763 1279 1842 1360; x_wconf 78' lang='lat'><strong>⁸).</strong></span> 
     </span>
     <span class='ocr_line' id='line_1_9' title="bbox 348 1375 1845 1461; baseline 0 -20"><span class='ocrx_word' id='word_1_38' title='bbox 348 1378 656 1441; x_wconf 82' lang='lat' dir='ltr'><strong>Plautilla</strong></span> <span class='ocrx_word' id='word_1_39' title='bbox 704 1375 1044 1461; x_wconf 83' lang='lat' dir='ltr'><strong>deportata</strong></span> <span class='ocrx_word' id='word_1_40' title='bbox 1093 1377 1160 1439; x_wconf 89' lang='lat' dir='ltr'><strong>in</strong></span> <span class='ocrx_word' id='word_1_41' title='bbox 1202 1377 1529 1452; x_wconf 83' lang='lat' dir='ltr'><strong>Siciliam,</strong></span> <span class='ocrx_word' id='word_1_42' title='bbox 1585 1393 1652 1441; x_wconf 91' lang='lat' dir='ltr'><strong>et</strong></span> <span class='ocrx_word' id='word_1_43' title='bbox 1706 1394 1845 1443; x_wconf 81' lang='lat' dir='ltr'><strong>tan·</strong></span> 
     </span>
     <span class='ocr_line' id='line_1_10' title="bbox 348 1477 1840 1564; baseline 0 -21"><span class='ocrx_word' id='word_1_44' title='bbox 348 1480 555 1564; x_wconf 71' lang='lat' dir='ltr'><strong>tisper</strong></span> <span class='ocrx_word' id='word_1_45' title='bbox 585 1477 951 1541; x_wconf 75' lang='lat' dir='ltr'><strong>liberaliter</strong></span> <span class='ocrx_word' id='word_1_46' title='bbox 986 1478 1239 1555; x_wconf 87' lang='lat' dir='ltr'><strong>habita,</strong></span> <span class='ocrx_word' id='word_1_47' title='bbox 1303 1495 1374 1544; x_wconf 86' lang='lat' dir='ltr'><strong>ut</strong></span> <span class='ocrx_word' id='word_1_48' title='bbox 1398 1479 1485 1542; x_wconf 90' lang='lat' dir='ltr'><strong>ait</strong></span> <span class='ocrx_word' id='word_1_49' title='bbox 1519 1480 1840 1543; x_wconf 81' lang='lat' dir='ltr'><strong>Herodia-</strong></span> 
     </span>
     <span class='ocr_line' id='line_1_11' title="bbox 345 1580 1835 1664; baseline 0.001 -21"><span class='ocrx_word' id='word_1_50' title='bbox 345 1603 513 1657; x_wconf 80' lang='lat' dir='ltr'><strong>nus,</strong></span> <span class='ocrx_word' id='word_1_51' title='bbox 575 1593 640 1643; x_wconf 87' lang='lat' dir='ltr'><strong>at</strong></span> <span class='ocrx_word' id='word_1_52' title='bbox 683 1580 1040 1643; x_wconf 85' lang='lat' dir='ltr'><strong>seeundum</strong></span> <span class='ocrx_word' id='word_1_53' title='bbox 1095 1584 1374 1645; x_wconf 83' lang='lat' dir='ltr'><strong>Dionem</strong></span> <span class='ocrx_word' id='word_1_54' title='bbox 1423 1581 1713 1664; x_wconf 86' lang='lat' dir='ltr'><strong>relegata</strong></span> <span class='ocrx_word' id='word_1_55' title='bbox 1769 1581 1835 1644; x_wconf 91' lang='lat' dir='ltr'><strong>in</strong></span> 
     </span>
    </p>
   </div>
   <div class='ocr_carea' id='block_1_3' title="bbox 308 1680 1853 1768">
    <p class='ocr_par' dir='ltr' id='par_1_3' title="bbox 308 1680 1853 1768">
     <span class='ocr_line' id='line_1_12' title="bbox 308 1680 1853 1768; baseline -0.001 -21"><span class='ocrx_word' id='word_1_56' title='bbox 308 1685 653 1768; x_wconf 82' lang='lat' dir='ltr'><strong>··Liparam</strong></span> <span class='ocrx_word' id='word_1_57' title='bbox 700 1680 768 1743; x_wconf 89' lang='lat' dir='ltr'><strong>in</strong></span> <span class='ocrx_word' id='word_1_58' title='bbox 802 1702 1025 1747; x_wconf 88' lang='lat' dir='ltr'><strong>rerum</strong></span> <span class='ocrx_word' id='word_1_59' title='bbox 1077 1684 1273 1747; x_wconf 87' lang='lat' dir='ltr'><strong>etiam</strong></span> <span class='ocrx_word' id='word_1_60' title='bbox 1317 1684 1853 1746; x_wconf 62' lang='lat' dir='ltr'><strong>necessariarum*</strong></span> 
     </span>
    </p>
   </div>
   <div class='ocr_carea' id='block_1_4' title="bbox 313 1782 1835 4110">
    <p class='ocr_par' dir='ltr' id='par_1_4' title="bbox 313 1782 1835 4110">
     <span class='ocr_line' id='line_1_13' title="bbox 338 1782 1835 1869; baseline 0.001 -22"><span class='ocrx_word' id='word_1_61' title='bbox 338 1784 560 1869; x_wconf 74' lang='lat' dir='ltr'><strong>inopia</strong></span> <span class='ocrx_word' id='word_1_62' title='bbox 596 1782 779 1848; x_wconf 80' lang='lat' dir='ltr'><strong>vixit.</strong></span> <span class='ocrx_word' id='word_1_63' title='bbox 848 1787 1054 1849; x_wconf 86' lang='lat' dir='ltr'><strong>Caeso</strong></span> <span class='ocrx_word' id='word_1_64' title='bbox 1093 1785 1259 1848; x_wconf 83' lang='lat' dir='ltr'><strong>Geta</strong></span> <span class='ocrx_word' id='word_1_65' title='bbox 1306 1805 1451 1848; x_wconf 86' lang='lat' dir='ltr'><strong>eam</strong></span> <span class='ocrx_word' id='word_1_66' title='bbox 1500 1785 1835 1849; x_wconf 82' lang='lat' dir='ltr'><strong>Caracalla</strong></span> 
     </span>
     <span class='ocr_line' id='line_1_14' title="bbox 335 1885 1834 1950; baseline 0.001 -3"><span class='ocrx_word' id='word_1_67' title='bbox 335 1886 403 1947; x_wconf 82' lang='lat' dir='ltr'><strong>in</strong></span> <span class='ocrx_word' id='word_1_68' title='bbox 442 1887 564 1949; x_wconf 87' lang='lat' dir='ltr'><strong>hae</strong></span> <span class='ocrx_word' id='word_1_69' title='bbox 601 1904 714 1948; x_wconf 85' lang='lat' dir='ltr'><strong>sua</strong></span> <span class='ocrx_word' id='word_1_70' title='bbox 760 1885 1124 1948; x_wconf 79' lang='lat' dir='ltr'><strong>calamitate</strong></span> <span class='ocrx_word' id='word_1_71' title='bbox 1177 1886 1391 1949; x_wconf 85' lang='lat' dir='ltr'><strong>omnia</strong></span> <span class='ocrx_word' id='word_1_72' title='bbox 1429 1900 1834 1950; x_wconf 87' lang='lat' dir='ltr'><strong>metuentem</strong></span> 
     </span>
     <span class='ocr_line' id='line_1_15' title="bbox 338 1985 1832 2071; baseline 0.002 -23"><span class='ocrx_word' id='word_1_73' title='bbox 338 1985 624 2052; x_wconf 84' lang='lat' dir='ltr'><strong>interfici</strong></span> <span class='ocrx_word' id='word_1_74' title='bbox 669 1987 856 2070; x_wconf 86' lang='lat' dir='ltr'><strong>jussit</strong></span> <span class='ocrx_word' id='word_1_75' title='bbox 895 1989 976 2053; x_wconf 88' lang='lat' dir='ltr'><strong>V.</strong></span> <span class='ocrx_word' id='word_1_76' title='bbox 1026 1989 1098 2052; x_wconf 90' lang='lat' dir='ltr'><strong>C.</strong></span> <span class='ocrx_word' id='word_1_77' title='bbox 1138 1986 1264 2071; x_wconf 78' lang='lat'><strong>965</strong></span> <span class='ocrx_word' id='word_1_78' title='bbox 1295 1985 1380 2065; x_wconf 71' lang='grc' dir='ltr'><strong>ι’).’</strong></span> <span class='ocrx_word' id='word_1_79' title='bbox 1491 1987 1832 2051; x_wconf 88' lang='lat' dir='ltr'><strong>Feminam</strong></span> 
     </span>
     <span class='ocr_line' id='line_1_16' title="bbox 337 2089 1777 2172; baseline 0.001 -22"><span class='ocrx_word' id='word_1_80' title='bbox 337 2089 547 2151; x_wconf 83' lang='lat' dir='ltr'><strong>fuisse</strong></span> <span class='ocrx_word' id='word_1_81' title='bbox 579 2089 1202 2172; x_wconf 79' lang='lat' dir='ltr'><strong>impudentissimam</strong></span> <span class='ocrx_word' id='word_1_82' title='bbox 1226 2134 1245 2165; x_wconf 90' lang='lat'><strong>,</strong></span> <span class='ocrx_word' id='word_1_83' title='bbox 1290 2089 1498 2153; x_wconf 80' lang='lat' dir='ltr'><strong>refert</strong></span> <span class='ocrx_word' id='word_1_84' title='bbox 1531 2090 1660 2151; x_wconf 92' lang='lat' dir='ltr'><strong>Dio</strong></span> <span class='ocrx_word' id='word_1_85' title='bbox 1694 2092 1777 2169; x_wconf 80' lang='lat' dir='ltr'><strong>c).</strong></span> 
     </span>
     <span class='ocr_line' id='line_1_17' title="bbox 465 2189 1829 2274; baseline 0.002 -22"><span class='ocrx_word' id='word_1_86' title='bbox 465 2192 748 2253; x_wconf 82' lang='lat' dir='ltr'><strong>Dionem</strong></span> <span class='ocrx_word' id='word_1_87' title='bbox 768 2189 918 2253; x_wconf 86' lang='lat' dir='ltr'><strong>inde</strong></span> <span class='ocrx_word' id='word_1_88' title='bbox 949 2214 982 2253; x_wconf 89' lang='lat' dir='ltr'><strong>a</strong></span> <span class='ocrx_word' id='word_1_89' title='bbox 1014 2189 1339 2274; x_wconf 83' lang='lat' dir='ltr'><strong>principio</strong></span> <span class='ocrx_word' id='word_1_90' title='bbox 1360 2190 1509 2252; x_wconf 85' lang='lat' dir='ltr'><strong>libri</strong></span> <span class='ocrx_word' id='word_1_91' title='bbox 1531 2190 1829 2261; x_wconf 81' lang='lat' dir='ltr'><strong>LXXVI.</strong></span> 
     </span>
     <span class='ocr_line' id='line_1_18' title="bbox 336 2290 1829 2369; baseline 0.001 -14"><span class='ocrx_word' id='word_1_92' title='bbox 336 2292 695 2369; x_wconf 80' lang='lat' dir='ltr'><strong>Plautiani,</strong></span> <span class='ocrx_word' id='word_1_93' title='bbox 751 2305 817 2354; x_wconf 88' lang='lat' dir='ltr'><strong>et</strong></span> <span class='ocrx_word' id='word_1_94' title='bbox 863 2291 1209 2355; x_wconf 79' lang='lat' dir='ltr'><strong>Plautillae</strong></span> <span class='ocrx_word' id='word_1_95' title='bbox 1254 2290 1593 2355; x_wconf 74' lang='lat' dir='ltr'><strong>historiam</strong></span> <span class='ocrx_word' id='word_1_96' title='bbox 1652 2314 1829 2357; x_wconf 87' lang='lat' dir='ltr'><strong>oom-</strong></span> 
     </span>
     <span class='ocr_line' id='line_1_19' title="bbox 334 2393 1825 2480; baseline 0.002 -24"><span class='ocrx_word' id='word_1_97' title='bbox 334 2397 599 2478; x_wconf 81' lang='lat' dir='ltr'><strong>plexum</strong></span> <span class='ocrx_word' id='word_1_98' title='bbox 639 2394 694 2461; x_wconf 80' lang='lat' dir='ltr'><strong>si</strong></span> <span class='ocrx_word' id='word_1_99' title='bbox 723 2413 1032 2477; x_wconf 86' lang='lat' dir='ltr'><strong>sequare,</strong></span> <span class='ocrx_word' id='word_1_100' title='bbox 1074 2393 1509 2479; x_wconf 82' lang='lat' dir='ltr'><strong>perexiguum</strong></span> <span class='ocrx_word' id='word_1_101' title='bbox 1544 2406 1825 2480; x_wconf 86' lang='lat' dir='ltr'><strong>tempus,</strong></span> 
     </span>
     <span class='ocr_line' id='line_1_20' title="bbox 335 2495 1827 2580; baseline 0.003 -23"><span class='ocrx_word' id='word_1_102' title='bbox 335 2512 399 2557; x_wconf 73' lang='lat' dir='ltr'><strong>et</strong></span> <span class='ocrx_word' id='word_1_103' title='bbox 433 2496 608 2563; x_wconf 74' lang='lat' dir='ltr'><strong>forte</strong></span> <span class='ocrx_word' id='word_1_104' title='bbox 645 2495 832 2580; x_wconf 81' lang='lat' dir='ltr'><strong>pauci</strong></span> <span class='ocrx_word' id='word_1_105' title='bbox 868 2507 1116 2557; x_wconf 86' lang='lat' dir='ltr'><strong>tantum</strong></span> <span class='ocrx_word' id='word_1_106' title='bbox 1152 2513 1410 2557; x_wconf 85' lang='lat' dir='ltr'><strong>menses</strong></span> <span class='ocrx_word' id='word_1_107' title='bbox 1445 2495 1827 2561; x_wconf 63' lang='lat' dir='ltr'><strong>interPlau‘-</strong></span> 
     </span>
     <span class='ocr_line' id='line_1_21' title="bbox 330 2596 1822 2680; baseline 0.001 -21"><span class='ocrx_word' id='word_1_108' title='bbox 330 2600 514 2660; x_wconf 78' lang='lat' dir='ltr'><strong>tiliae</strong></span> <span class='ocrx_word' id='word_1_109' title='bbox 548 2597 841 2680; x_wconf 82' lang='lat' dir='ltr'><strong>nuptias,</strong></span> <span class='ocrx_word' id='word_1_110' title='bbox 886 2610 950 2658; x_wconf 89' lang='lat' dir='ltr'><strong>et</strong></span> <span class='ocrx_word' id='word_1_111' title='bbox 978 2596 1253 2659; x_wconf 83' lang='lat' dir='ltr'><strong>exilium</strong></span> <span class='ocrx_word' id='word_1_112' title='bbox 1284 2597 1592 2660; x_wconf 81' lang='lat' dir='ltr'><strong>videntur</strong></span> <span class='ocrx_word' id='word_1_113' title='bbox 1623 2596 1822 2661; x_wconf 87' lang='lat' dir='ltr'><strong>inter·</strong></span> 
     </span>
     <span class='ocr_line' id='line_1_22' title="bbox 333 2697 1822 2781; baseline 0.001 -19"><span class='ocrx_word' id='word_1_114' title='bbox 333 2700 637 2763; x_wconf 78' lang='lat' dir='ltr'><strong>cessisse.</strong></span> <span class='ocrx_word' id='word_1_115' title='bbox 694 2698 779 2760; x_wconf 85' lang='lat' dir='ltr'><strong>At</strong></span> <span class='ocrx_word' id='word_1_116' title='bbox 810 2697 1068 2781; x_wconf 82' lang='lat' dir='ltr'><strong>longius</strong></span> <span class='ocrx_word' id='word_1_117' title='bbox 1100 2698 1524 2761; x_wconf 80' lang='lat' dir='ltr'><strong>intervallum</strong></span> <span class='ocrx_word' id='word_1_118' title='bbox 1560 2700 1822 2764; x_wconf 79' lang='lat' dir='ltr'><strong>videtur</strong></span> 
     </span>
     <span class='ocr_line' id='line_1_23' title="bbox 332 2799 1818 2887; baseline 0.002 -24"><span class='ocrx_word' id='word_1_119' title='bbox 332 2802 699 2887; x_wconf 84' lang='lat' dir='ltr'><strong>deposcere</strong></span> <span class='ocrx_word' id='word_1_120' title='bbox 721 2799 908 2883; x_wconf 89' lang='lat' dir='ltr'><strong>eopia</strong></span> <span class='ocrx_word' id='word_1_121' title='bbox 936 2819 1287 2863; x_wconf 88' lang='lat' dir='ltr'><strong>numorum</strong></span> <span class='ocrx_word' id='word_1_122' title='bbox 1321 2801 1669 2864; x_wconf 85' lang='lat' dir='ltr'><strong>Plautillae</strong></span> <span class='ocrx_word' id='word_1_123' title='bbox 1689 2825 1818 2866; x_wconf 89' lang='lat' dir='ltr'><strong>uon</strong></span> 
     </span>
     <span class='ocr_line' id='line_1_24' title="bbox 331 2899 1819 2983; baseline 0.005 -20"><span class='ocrx_word' id='word_1_124' title='bbox 331 2901 531 2966; x_wconf 83' lang='lat' dir='ltr'><strong>modo</strong></span> <span class='ocrx_word' id='word_1_125' title='bbox 563 2902 632 2981; x_wconf 82' lang='lat' dir='ltr'><strong>in</strong></span> <span class='ocrx_word' id='word_1_126' title='bbox 666 2901 852 2977; x_wconf 88' lang='lat' dir='ltr'><strong>urbe,</strong></span> <span class='ocrx_word' id='word_1_127' title='bbox 896 2900 1013 2963; x_wconf 82' lang='lat' dir='ltr'><strong>sed</strong></span> <span class='ocrx_word' id='word_1_128' title='bbox 1040 2899 1296 2983; x_wconf 75' lang='lat' dir='ltr'><strong>majore</strong></span> <span class='ocrx_word' id='word_1_129' title='bbox 1316 2901 1819 2970; x_wconf 82' lang='lat' dir='ltr'><strong>adhuenumero</strong></span> 
     </span>
     <span class='ocr_line' id='line_1_25' title="bbox 326 3001 1818 3090; baseline 0.003 -23"><span class='ocrx_word' id='word_1_130' title='bbox 326 3021 455 3090; x_wconf 79' lang='lat' dir='ltr'><strong>per</strong></span> <span class='ocrx_word' id='word_1_131' title='bbox 478 3004 948 3067; x_wconf 82' lang='lat' dir='ltr'><strong>remotissimas</strong></span> <span class='ocrx_word' id='word_1_132' title='bbox 980 3001 1353 3087; x_wconf 75' lang='lat' dir='ltr'><strong>provincias</strong></span> <span class='ocrx_word' id='word_1_133' title='bbox 1391 3004 1818 3089; x_wconf 85' lang='lat' dir='ltr'><strong>signatorum.</strong></span> 
     </span>
     <span class='ocr_line' id='line_1_26' title="bbox 329 3103 1820 3193; baseline 0.001 -24"><span class='ocrx_word' id='word_1_134' title='bbox 329 3107 500 3169; x_wconf 79' lang='lat' dir='ltr'><strong>Sane</strong></span> <span class='ocrx_word' id='word_1_135' title='bbox 530 3103 897 3189; x_wconf 79' lang='lat' dir='ltr'><strong>longiorem</strong></span> <span class='ocrx_word' id='word_1_136' title='bbox 932 3125 1191 3167; x_wconf 80' lang='lat' dir='ltr'><strong>moram</strong></span> <span class='ocrx_word' id='word_1_137' title='bbox 1232 3105 1576 3171; x_wconf 76' lang='lat' dir='ltr'><strong>manifeste</strong></span> <span class='ocrx_word' id='word_1_138' title='bbox 1614 3106 1820 3193; x_wconf 83' lang='lat' dir='ltr'><strong>exigit</strong></span> 
     </span>
     <span class='ocr_line' id='line_1_27' title="bbox 324 3205 1817 3291; baseline 0.003 -23"><span class='ocrx_word' id='word_1_139' title='bbox 324 3228 563 3271; x_wconf 87' lang='lat' dir='ltr'><strong>numus</strong></span> <span class='ocrx_word' id='word_1_140' title='bbox 607 3206 954 3270; x_wconf 83' lang='lat' dir='ltr'><strong>Plautillae</strong></span> <span class='ocrx_word' id='word_1_141' title='bbox 1014 3205 1188 3291; x_wconf 86' lang='lat' dir='ltr'><strong>apud</strong></span> <span class='ocrx_word' id='word_1_142' title='bbox 1228 3205 1473 3270; x_wconf 86' lang='lat' dir='ltr'><strong>Gazam</strong></span> <span class='ocrx_word' id='word_1_143' title='bbox 1539 3208 1817 3272; x_wconf 82' lang='lat' dir='ltr'><strong>Iudaeae</strong></span> 
     </span>
     <span class='ocr_line' id='line_1_28' title="bbox 328 3304 1817 3395; baseline 0.004 -26"><span class='ocrx_word' id='word_1_144' title='bbox 328 3309 615 3393; x_wconf 79' lang='lat' dir='ltr'><strong>signatus</strong></span> <span class='ocrx_word' id='word_1_145' title='bbox 642 3328 787 3371; x_wconf 87' lang='lat' dir='ltr'><strong>cum</strong></span> <span class='ocrx_word' id='word_1_146' title='bbox 815 3328 986 3371; x_wconf 90' lang='lat' dir='ltr'><strong>anno</strong></span> <span class='ocrx_word' id='word_1_147' title='bbox 1014 3328 1206 3371; x_wconf 86' lang='lat' dir='ltr'><strong>aerae</strong></span> <span class='ocrx_word' id='word_1_148' title='bbox 1236 3304 1424 3387; x_wconf 81' lang='grc' dir='ltr'><strong>ΔΞΟ,</strong></span> <span class='ocrx_word' id='word_1_149' title='bbox 1469 3330 1664 3395; x_wconf 87' lang='lat' dir='ltr'><strong>quem</strong></span> <span class='ocrx_word' id='word_1_150' title='bbox 1682 3311 1817 3375; x_wconf 89' lang='lat' dir='ltr'><strong>edi·</strong></span> 
     </span>
     <span class='ocr_line' id='line_1_29' title="bbox 326 3409 1815 3500; baseline 0.005 -28"><span class='ocrx_word' id='word_1_151' title='bbox 326 3410 487 3475; x_wconf 83' lang='lat' dir='ltr'><strong>dere</strong></span> <span class='ocrx_word' id='word_1_152' title='bbox 524 3409 950 3484; x_wconf 82' lang='lat' dir='ltr'><strong>Vaillantius,</strong></span> <span class='ocrx_word' id='word_1_153' title='bbox 998 3422 1067 3471; x_wconf 89' lang='lat' dir='ltr'><strong>et</strong></span> <span class='ocrx_word' id='word_1_154' title='bbox 1091 3409 1392 3474; x_wconf 84' lang='lat' dir='ltr'><strong>Norisius</strong></span> <span class='ocrx_word' id='word_1_155' title='bbox 1424 3410 1512 3495; x_wconf 83' lang='lat' dir='ltr'><strong>d).</strong></span> <span class='ocrx_word' id='word_1_156' title='bbox 1579 3415 1815 3500; x_wconf 84' lang='lat' dir='ltr'><strong>Coepit</strong></span> 
     </span>
     <span class='ocr_line' id='line_1_30' title="bbox 323 3510 1813 3601; baseline 0.003 -24"><span class='ocrx_word' id='word_1_157' title='bbox 323 3513 489 3579; x_wconf 80' lang='lat' dir='ltr'><strong>haec</strong></span> <span class='ocrx_word' id='word_1_158' title='bbox 514 3535 683 3577; x_wconf 85' lang='lat' dir='ltr'><strong>anno</strong></span> <span class='ocrx_word' id='word_1_159' title='bbox 716 3513 801 3581; x_wconf 86' lang='lat' dir='ltr'><strong>V.</strong></span> <span class='ocrx_word' id='word_1_160' title='bbox 835 3513 905 3575; x_wconf 92' lang='lat' dir='ltr'><strong>C.</strong></span> <span class='ocrx_word' id='word_1_161' title='bbox 941 3510 1099 3592; x_wconf 71' lang='lat'><strong>(³93,</strong></span> <span class='ocrx_word' id='word_1_162' title='bbox 1164 3530 1326 3596; x_wconf 87' lang='lat' dir='ltr'><strong>ergo</strong></span> <span class='ocrx_word' id='word_1_163' title='bbox 1360 3535 1595 3578; x_wconf 85' lang='lat' dir='ltr'><strong>numus</strong></span> <span class='ocrx_word' id='word_1_164' title='bbox 1623 3537 1813 3601; x_wconf 86' lang='lat' dir='ltr'><strong>prae-</strong></span> 
     </span>
     <span class='ocr_line' id='line_1_31' title="bbox 321 3612 1806 3699; baseline 0 -18"><span class='ocrx_word' id='word_1_165' title='bbox 321 3634 475 3681; x_wconf 57' lang='lat' dir='ltr'><strong>sens</strong></span> <span class='ocrx_word' id='word_1_166' title='bbox 515 3615 805 3699; x_wconf 83' lang='lat' dir='ltr'><strong>signatus</strong></span> <span class='ocrx_word' id='word_1_167' title='bbox 837 3627 940 3676; x_wconf 83' lang='lat' dir='ltr'><strong>est</strong></span> <span class='ocrx_word' id='word_1_168' title='bbox 983 3612 1064 3675; x_wconf 88' lang='lat' dir='ltr'><strong>ab</strong></span> <span class='ocrx_word' id='word_1_169' title='bbox 1101 3628 1409 3678; x_wconf 88' lang='lat' dir='ltr'><strong>autumno</strong></span> <span class='ocrx_word' id='word_1_170' title='bbox 1438 3617 1517 3683; x_wconf 86' lang='lat' dir='ltr'><strong>V.</strong></span> <span class='ocrx_word' id='word_1_171' title='bbox 1555 3618 1630 3681; x_wconf 88' lang='lat' dir='ltr'><strong>C.</strong></span> <span class='ocrx_word' id='word_1_172' title='bbox 1662 3620 1806 3698; x_wconf 77' lang='lat'><strong>956.</strong></span> 
     </span>
     <span class='ocr_line' id='line_1_32' title="bbox 325 3715 1810 3809; baseline 0.003 -31"><span class='ocrx_word' id='word_1_173' title='bbox 325 3715 548 3809; x_wconf 78' lang='lat' dir='ltr'><strong>Quare</strong></span> <span class='ocrx_word' id='word_1_174' title='bbox 579 3737 727 3779; x_wconf 86' lang='lat' dir='ltr'><strong>eum</strong></span> <span class='ocrx_word' id='word_1_175' title='bbox 763 3715 1027 3799; x_wconf 81' lang='lat' dir='ltr'><strong>nuptiae</strong></span> <span class='ocrx_word' id='word_1_176' title='bbox 1059 3715 1409 3780; x_wconf 86' lang='lat' dir='ltr'><strong>Plautillae</strong></span> <span class='ocrx_word' id='word_1_177' title='bbox 1450 3732 1633 3782; x_wconf 86' lang='lat' dir='ltr'><strong>actae</strong></span> <span class='ocrx_word' id='word_1_178' title='bbox 1666 3719 1810 3783; x_wconf 85' lang='lat' dir='ltr'><strong>fue·</strong></span> 
     </span>
     <span class='ocr_line' id='line_1_33' title="bbox 320 3815 1808 3899; baseline 0.003 -20"><span class='ocrx_word' id='word_1_179' title='bbox 320 3817 456 3879; x_wconf 87' lang='lat' dir='ltr'><strong>rint</strong></span> <span class='ocrx_word' id='word_1_180' title='bbox 482 3817 645 3885; x_wconf 88' lang='lat' dir='ltr'><strong>V.C.</strong></span> <span class='ocrx_word' id='word_1_181' title='bbox 680 3820 803 3899; x_wconf 76' lang='lat'><strong>955</strong></span> <span class='ocrx_word' id='word_1_182' title='bbox 823 3860 841 3892; x_wconf 94' lang='lat'><strong>,</strong></span> <span class='ocrx_word' id='word_1_183' title='bbox 886 3830 959 3879; x_wconf 88' lang='lat' dir='ltr'><strong>ut</strong></span> <span class='ocrx_word' id='word_1_184' title='bbox 997 3816 1067 3879; x_wconf 90' lang='lat' dir='ltr'><strong>in</strong></span> <span class='ocrx_word' id='word_1_185' title='bbox 1097 3817 1350 3880; x_wconf 79' lang='lat' dir='ltr'><strong>Severo</strong></span> <span class='ocrx_word' id='word_1_186' title='bbox 1379 3819 1462 3883; x_wconf 89' lang='lat' dir='ltr'><strong>ad</strong></span> <span class='ocrx_word' id='word_1_187' title='bbox 1495 3815 1671 3887; x_wconf 75' lang='lat' dir='ltr'><strong>hu&#39;ne</strong></span> <span class='ocrx_word' id='word_1_188' title='bbox 1700 3843 1808 3884; x_wconf 87' lang='lat' dir='ltr'><strong>an·</strong></span> 
     </span>
     <span class='ocr_line' id='line_1_34' title="bbox 313 3916 1806 4004; baseline 0.005 -25"><span class='ocrx_word' id='word_1_189' title='bbox 313 3939 470 3981; x_wconf 83' lang='lat' dir='ltr'><strong>num</strong></span> <span class='ocrx_word' id='word_1_190' title='bbox 500 3916 1121 3994; x_wconf 80' lang='lat' dir='ltr'><strong>demonstravimus,</strong></span> <span class='ocrx_word' id='word_1_191' title='bbox 1179 3921 1515 4004; x_wconf 74' lang='lat' dir='ltr'><strong>sequitur,</strong></span> <span class='ocrx_word' id='word_1_192' title='bbox 1574 3922 1806 3988; x_wconf 85' lang='lat' dir='ltr'><strong>saltem</strong></span> 
     </span>
     <span class='ocr_line' id='line_1_35' title="bbox 315 4019 1806 4110; baseline 0.003 -26"><span class='ocrx_word' id='word_1_193' title='bbox 315 4019 560 4103; x_wconf 81' lang='lat' dir='ltr'><strong>integri</strong></span> <span class='ocrx_word' id='word_1_194' title='bbox 609 4019 753 4082; x_wconf 82' lang='lat' dir='ltr'><strong>fere</strong></span> <span class='ocrx_word' id='word_1_195' title='bbox 806 4020 958 4083; x_wconf 89' lang='lat' dir='ltr'><strong>anni</strong></span> <span class='ocrx_word' id='word_1_196' title='bbox 988 4021 1268 4104; x_wconf 84' lang='lat' dir='ltr'><strong>spatium</strong></span> <span class='ocrx_word' id='word_1_197' title='bbox 1307 4022 1481 4088; x_wconf 87' lang='lat' dir='ltr'><strong>inter</strong></span> <span class='ocrx_word' id='word_1_198' title='bbox 1526 4026 1806 4110; x_wconf 83' lang='lat' dir='ltr'><strong>nuptias,</strong></span> 
     </span>
    </p>
   </div>
   <div class='ocr_carea' id='block_1_5' title="bbox 206 4107 1284 4206">
    <p class='ocr_par' dir='ltr' id='par_1_5' title="bbox 206 4107 1284 4206">
     <span class='ocr_line' id='line_1_36' title="bbox 206 4107 1284 4206; baseline 0.005 -24"><span class='ocrx_word' id='word_1_199' title='bbox 206 4176 215 4182; x_wconf 92' lang='lat'><strong>.</strong></span> <span class='ocrx_word' id='word_1_200' title='bbox 314 4131 383 4182; x_wconf 61' lang='lat' dir='ltr'><strong>e!</strong></span> <span class='ocrx_word' id='word_1_201' title='bbox 412 4120 680 4184; x_wconf 83' lang='lat' dir='ltr'><strong>exilium</strong></span> <span class='ocrx_word' id='word_1_202' title='bbox 714 4107 1284 4206; x_wconf 75' lang='lat' dir='ltr'><strong>interponendum.</strong></span> 
     </span>
    </p>
   </div>
   <div class='ocr_carea' id='block_1_6' title="bbox 326 4224 1806 4309">
    <p class='ocr_par' dir='ltr' id='par_1_6' title="bbox 326 4224 1806 4309">
     <span class='ocr_line' id='line_1_37' title="bbox 326 4224 1806 4309; baseline 0.012 -32"><span class='ocrx_word' id='word_1_203' title='bbox 326 4272 333 4277; x_wconf 90' lang='lat'><strong>.</strong></span> <span class='ocrx_word' id='word_1_204' title='bbox 439 4225 686 4285; x_wconf 77' lang='lat' dir='ltr'><strong>Liberi.</strong></span> <span class='ocrx_word' id='word_1_205' title='bbox 766 4226 915 4287; x_wconf 86' lang='lat' dir='ltr'><strong>Non</strong></span> <span class='ocrx_word' id='word_1_206' title='bbox 966 4236 1231 4309; x_wconf 81' lang='lat' dir='ltr'><strong>poterat</strong></span> <span class='ocrx_word' id='word_1_207' title='bbox 1270 4224 1621 4293; x_wconf 82' lang='lat' dir='ltr'><strong>infaustum</strong></span> <span class='ocrx_word' id='word_1_208' title='bbox 1674 4228 1806 4295; x_wconf 83' lang='lat' dir='ltr'><strong>hoo</strong></span> 
     </span>
    </p>
   </div>
   <div class='ocr_carea' id='block_1_7' title="bbox 3297 529 3445 599">
    <p class='ocr_par' dir='ltr' id='par_1_7' title="bbox 3297 529 3445 599">
     <span class='ocr_line' id='line_1_38' title="bbox 3297 529 3445 599; baseline 0.02 -3"><span class='ocrx_word' id='word_1_209' title='bbox 3297 529 3445 599; x_wconf 76' lang='lat'><strong>225</strong></span> 
     </span>
    </p>
   </div>
   <div class='ocr_carea' id='block_1_8' title="bbox 1916 672 3454 4318">
    <p class='ocr_par' dir='ltr' id='par_1_8' title="bbox 1921 672 3454 4023">
     <span class='ocr_line' id='line_1_39' title="bbox 1959 672 3444 767; baseline 0.022 -35"><span class='ocrx_word' id='word_1_210' title='bbox 1959 673 2444 740; x_wconf 84' lang='lat' dir='ltr'><strong>matrimonium</strong></span> <span class='ocrx_word' id='word_1_211' title='bbox 2473 696 2616 743; x_wconf 86' lang='lat' dir='ltr'><strong>esse</strong></span> <span class='ocrx_word' id='word_1_212' title='bbox 2651 672 3006 751; x_wconf 82' lang='lat' dir='ltr'><strong>seeundum</strong></span> <span class='ocrx_word' id='word_1_213' title='bbox 3029 734 3046 766; x_wconf 87' lang='lat'><strong>,</strong></span> <span class='ocrx_word' id='word_1_214' title='bbox 3093 712 3238 756; x_wconf 86' lang='lat' dir='ltr'><strong>eum</strong></span> <span class='ocrx_word' id='word_1_215' title='bbox 3275 710 3444 767; x_wconf 78' lang='lat' dir='ltr'><strong>teste</strong></span> 
     </span>
     <span class='ocr_line' id='line_1_40' title="bbox 1958 775 3452 881; baseline 0.021 -47"><span class='ocrx_word' id='word_1_216' title='bbox 1958 775 2340 841; x_wconf 82' lang='lat' dir='ltr'><strong>Herodiano</strong></span> <span class='ocrx_word' id='word_1_217' title='bbox 2364 780 2692 846; x_wconf 88' lang='lat' dir='ltr'><strong>Caracalla</strong></span> <span class='ocrx_word' id='word_1_218' title='bbox 2719 784 2873 851; x_wconf 89' lang='lat' dir='ltr'><strong>inde</strong></span> <span class='ocrx_word' id='word_1_219' title='bbox 2905 813 2942 852; x_wconf 90' lang='lat' dir='ltr'><strong>a</strong></span> <span class='ocrx_word' id='word_1_220' title='bbox 2972 794 3296 881; x_wconf 88' lang='lat' dir='ltr'><strong>principio</strong></span> <span class='ocrx_word' id='word_1_221' title='bbox 3336 800 3452 865; x_wconf 82' lang='lat' dir='ltr'><strong>has</strong></span> 
     </span>
     <span class='ocr_line' id='line_1_41' title="bbox 1953 878 3448 974; baseline 0.021 -40"><span class='ocrx_word' id='word_1_222' title='bbox 1953 878 2210 958; x_wconf 85' lang='lat' dir='ltr'><strong>nuptias</strong></span> <span class='ocrx_word' id='word_1_223' title='bbox 2261 897 2594 946; x_wconf 76' lang='lat' dir='ltr'><strong>aversatus</strong></span> <span class='ocrx_word' id='word_1_224' title='bbox 2642 907 2855 974; x_wconf 85' lang='lat' dir='ltr'><strong>neque</strong></span> <span class='ocrx_word' id='word_1_225' title='bbox 2915 899 3247 959; x_wconf 87' lang='lat' dir='ltr'><strong>communi</strong></span> <span class='ocrx_word' id='word_1_226' title='bbox 3296 922 3448 967; x_wconf 86' lang='lat' dir='ltr'><strong>eum</strong></span> 
     </span>
     <span class='ocr_line' id='line_1_42' title="bbox 1956 975 3439 1073; baseline 0.024 -40"><span class='ocrx_word' id='word_1_227' title='bbox 1956 975 2264 1042; x_wconf 88' lang='lat' dir='ltr'><strong>Plautilla</strong></span> <span class='ocrx_word' id='word_1_228' title='bbox 2312 996 2505 1060; x_wconf 91' lang='lat' dir='ltr'><strong>toro,</strong></span> <span class='ocrx_word' id='word_1_229' title='bbox 2564 1009 2779 1073; x_wconf 86' lang='lat' dir='ltr'><strong>neque</strong></span> <span class='ocrx_word' id='word_1_230' title='bbox 2838 1014 3063 1058; x_wconf 88' lang='lat' dir='ltr'><strong>mensa</strong></span> <span class='ocrx_word' id='word_1_231' title='bbox 3121 978 3439 1069; x_wconf 78' lang='lat' dir='ltr'><strong>uteretur.</strong></span> 
     </span>
     <span class='ocr_line' id='line_1_43' title="bbox 1959 1077 3454 1169; baseline 0.023 -33"><span class='ocrx_word' id='word_1_232' title='bbox 1959 1077 2376 1147; x_wconf 79' lang='lat' dir='ltr'><strong>Froelichius</strong></span> <span class='ocrx_word' id='word_1_233' title='bbox 2425 1107 2571 1150; x_wconf 85' lang='lat' dir='ltr'><strong>cum</strong></span> <span class='ocrx_word' id='word_1_234' title='bbox 2607 1111 2691 1153; x_wconf 81' lang='lat' dir='ltr'><strong>ex</strong></span> <span class='ocrx_word' id='word_1_235' title='bbox 2743 1093 2894 1158; x_wconf 88' lang='lat' dir='ltr'><strong>loco</strong></span> <span class='ocrx_word' id='word_1_236' title='bbox 2923 1097 3285 1165; x_wconf 85' lang='lat' dir='ltr'><strong>Herodiani</strong></span> <span class='ocrx_word' id='word_1_237' title='bbox 3337 1107 3454 1169; x_wconf 87' lang='lat' dir='ltr'><strong>du·</strong></span> 
     </span>
     <span class='ocr_line' id='line_1_44' title="bbox 1956 1174 3448 1287; baseline 0.023 -50"><span class='ocrx_word' id='word_1_238' title='bbox 1956 1174 2104 1241; x_wconf 89' lang='lat' dir='ltr'><strong>biae</strong></span> <span class='ocrx_word' id='word_1_239' title='bbox 2158 1181 2498 1265; x_wconf 87' lang='lat' dir='ltr'><strong>lectionis,</strong></span> <span class='ocrx_word' id='word_1_240' title='bbox 2569 1205 2703 1255; x_wconf 87' lang='lat' dir='ltr'><strong>tum</strong></span> <span class='ocrx_word' id='word_1_241' title='bbox 2758 1215 2843 1257; x_wconf 83' lang='lat' dir='ltr'><strong>ex</strong></span> <span class='ocrx_word' id='word_1_242' title='bbox 2911 1198 3448 1287; x_wconf 81' lang='lat' dir='ltr'><strong>inscriptionibus</strong></span> 
     </span>
     <span class='ocr_line' id='line_1_45' title="bbox 1956 1278 3447 1383; baseline 0.025 -45"><span class='ocrx_word' id='word_1_243' title='bbox 1956 1278 2226 1345; x_wconf 80' lang='lat' dir='ltr'><strong>Graecis</strong></span> <span class='ocrx_word' id='word_1_244' title='bbox 2262 1287 2508 1372; x_wconf 84' lang='lat' dir='ltr'><strong>Ephesi</strong></span> <span class='ocrx_word' id='word_1_245' title='bbox 2546 1298 2829 1378; x_wconf 79' lang='lat' dir='ltr'><strong>repertis</strong></span> <span class='ocrx_word' id='word_1_246' title='bbox 2862 1301 3149 1383; x_wconf 85' lang='lat' dir='ltr'><strong>probare</strong></span> <span class='ocrx_word' id='word_1_247' title='bbox 3184 1308 3447 1375; x_wconf 63' lang='lat' dir='ltr'><strong>adnisus</strong></span> 
     </span>
     <span class='ocr_line' id='line_1_46' title="bbox 1954 1392 3442 1476; baseline 0.024 -37"><span class='ocrx_word' id='word_1_248' title='bbox 1954 1392 2076 1455; x_wconf 84' lang='lat' dir='ltr'><strong>est,</strong></span> <span class='ocrx_word' id='word_1_249' title='bbox 2120 1400 2307 1448; x_wconf 85' lang='lat' dir='ltr'><strong>natos</strong></span> <span class='ocrx_word' id='word_1_250' title='bbox 2337 1410 2480 1453; x_wconf 88' lang='lat' dir='ltr'><strong>esse</strong></span> <span class='ocrx_word' id='word_1_251' title='bbox 2509 1414 2588 1455; x_wconf 83' lang='lat' dir='ltr'><strong>ex</strong></span> <span class='ocrx_word' id='word_1_252' title='bbox 2621 1396 2748 1459; x_wconf 88' lang='lat' dir='ltr'><strong>hoo</strong></span> <span class='ocrx_word' id='word_1_253' title='bbox 2789 1402 3206 1470; x_wconf 87' lang='lat' dir='ltr'><strong>matrimonio</strong></span> <span class='ocrx_word' id='word_1_254' title='bbox 3234 1408 3442 1476; x_wconf 82' lang='lat' dir='ltr'><strong>filium</strong></span> 
     </span>
     <span class='ocr_line' id='line_1_47' title="bbox 1954 1489 3444 1588; baseline 0.026 -48"><span class='ocrx_word' id='word_1_255' title='bbox 1954 1501 2150 1544; x_wconf 87' lang='lat' dir='ltr'><strong>unum</strong></span> <span class='ocrx_word' id='word_1_256' title='bbox 2216 1489 2653 1576; x_wconf 72' lang='lat' dir='ltr'><strong>Hadrianum,</strong></span> <span class='ocrx_word' id='word_1_257' title='bbox 2746 1498 3044 1588; x_wconf 85' lang='lat' dir='ltr'><strong>filiasque</strong></span> <span class='ocrx_word' id='word_1_258' title='bbox 3110 1506 3269 1575; x_wconf 85' lang='lat' dir='ltr'><strong>duas</strong></span> <span class='ocrx_word' id='word_1_259' title='bbox 3321 1513 3444 1579; x_wconf 83' lang='lat' dir='ltr'><strong>Fa·</strong></span> 
     </span>
     <span class='ocr_line' id='line_1_48' title="bbox 1954 1581 3440 1688; baseline 0.028 -47"><span class='ocrx_word' id='word_1_260' title='bbox 1954 1581 2208 1663; x_wconf 73' lang='lat' dir='ltr'><strong>dinam,</strong></span> <span class='ocrx_word' id='word_1_261' title='bbox 2259 1591 2583 1679; x_wconf 84' lang='lat' dir='ltr'><strong>aliamque</strong></span> <span class='ocrx_word' id='word_1_262' title='bbox 2620 1620 3004 1684; x_wconf 81' lang='lat' dir='ltr'><strong>anonymam</strong></span> <span class='ocrx_word' id='word_1_263' title='bbox 3039 1608 3117 1688; x_wconf 58' lang='grc' dir='ltr'><strong>ε3).</strong></span> <span class='ocrx_word' id='word_1_264' title='bbox 3191 1614 3440 1681; x_wconf 80' lang='lat' dir='ltr'><strong>Verum</strong></span> 
     </span>
     <span class='ocr_line' id='line_1_49' title="bbox 1949 1699 3444 1783; baseline 0.019 -31"><span class='ocrx_word' id='word_1_265' title='bbox 1949 1707 2407 1779; x_wconf 82' lang='lat' dir='ltr'><strong>praeterquam</strong></span> <span class='ocrx_word' id='word_1_266' title='bbox 2455 1699 2633 1783; x_wconf 89' lang='lat' dir='ltr'><strong>quod</strong></span> <span class='ocrx_word' id='word_1_267' title='bbox 2684 1703 2938 1769; x_wconf 81' lang='lat' dir='ltr'><strong>debiles</strong></span> <span class='ocrx_word' id='word_1_268' title='bbox 3005 1714 3270 1777; x_wconf 90' lang='lat' dir='ltr'><strong>omnino</strong></span> <span class='ocrx_word' id='word_1_269' title='bbox 3328 1736 3444 1781; x_wconf 88' lang='lat' dir='ltr'><strong>eae</strong></span> 
     </span>
     <span class='ocr_line' id='line_1_50' title="bbox 1952 1798 3446 1880; baseline 0.02 -27"><span class='ocrx_word' id='word_1_270' title='bbox 1952 1808 2099 1855; x_wconf 87' lang='lat' dir='ltr'><strong>sunt</strong></span> <span class='ocrx_word' id='word_1_271' title='bbox 2137 1798 2594 1877; x_wconf 85' lang='lat' dir='ltr'><strong>coniecturae,</strong></span> <span class='ocrx_word' id='word_1_272' title='bbox 2654 1805 2868 1869; x_wconf 86' lang='lat' dir='ltr'><strong>obstat</strong></span> <span class='ocrx_word' id='word_1_273' title='bbox 2900 1832 3031 1873; x_wconf 88' lang='lat' dir='ltr'><strong>nou</strong></span> <span class='ocrx_word' id='word_1_274' title='bbox 3080 1816 3276 1880; x_wconf 86' lang='lat' dir='ltr'><strong>modo</strong></span> <span class='ocrx_word' id='word_1_275' title='bbox 3300 1819 3446 1880; x_wconf 83' lang='lat' dir='ltr'><strong>lau-</strong></span> 
     </span>
     <span class='ocr_line' id='line_1_51' title="bbox 1950 1890 3437 1992; baseline 0.022 -38"><span class='ocrx_word' id='word_1_276' title='bbox 1950 1890 2171 1959; x_wconf 88' lang='lat' dir='ltr'><strong>datum</strong></span> <span class='ocrx_word' id='word_1_277' title='bbox 2216 1900 2581 1964; x_wconf 87' lang='lat' dir='ltr'><strong>Herodiani</strong></span> <span class='ocrx_word' id='word_1_278' title='bbox 2646 1909 3129 1992; x_wconf 81' lang='lat' dir='ltr'><strong>testimonium,</strong></span> <span class='ocrx_word' id='word_1_279' title='bbox 3205 1938 3437 1984; x_wconf 76' lang='lat' dir='ltr'><strong>verum</strong></span> 
     </span>
     <span class='ocr_line' id='line_1_52' title="bbox 1944 1996 3444 2100; baseline 0.019 -44"><span class='ocrx_word' id='word_1_280' title='bbox 1944 1996 2143 2060; x_wconf 87' lang='lat' dir='ltr'><strong>etiam</strong></span> <span class='ocrx_word' id='word_1_281' title='bbox 2174 2013 2433 2086; x_wconf 85' lang='lat' dir='ltr'><strong>tempus</strong></span> <span class='ocrx_word' id='word_1_282' title='bbox 2472 2004 2685 2089; x_wconf 86' lang='lat' dir='ltr'><strong>ipsum</strong></span> <span class='ocrx_word' id='word_1_283' title='bbox 2709 2054 2728 2087; x_wconf 89' lang='lat'><strong>,</strong></span> <span class='ocrx_word' id='word_1_284' title='bbox 2771 2013 2950 2095; x_wconf 83' lang='lat' dir='ltr'><strong>quod</strong></span> <span class='ocrx_word' id='word_1_285' title='bbox 2983 2025 3258 2100; x_wconf 82' lang='lat' dir='ltr'><strong>propter</strong></span> <span class='ocrx_word' id='word_1_286' title='bbox 3287 2042 3444 2089; x_wconf 87' lang='lat' dir='ltr'><strong>eon-</strong></span> 
     </span>
     <span class='ocr_line' id='line_1_53' title="bbox 1948 2104 3437 2190; baseline 0.022 -32"><span class='ocrx_word' id='word_1_287' title='bbox 1948 2113 2244 2160; x_wconf 84' lang='lat' dir='ltr'><strong>secutum</strong></span> <span class='ocrx_word' id='word_1_288' title='bbox 2267 2123 2417 2166; x_wconf 85' lang='lat' dir='ltr'><strong>mox</strong></span> <span class='ocrx_word' id='word_1_289' title='bbox 2439 2104 2777 2172; x_wconf 82' lang='lat' dir='ltr'><strong>dissidium</strong></span> <span class='ocrx_word' id='word_1_290' title='bbox 2814 2113 2920 2176; x_wconf 83' lang='lat' dir='ltr'><strong>vix</strong></span> <span class='ocrx_word' id='word_1_291' title='bbox 2947 2118 3057 2179; x_wconf 86' lang='lat' dir='ltr'><strong>uni</strong></span> <span class='ocrx_word' id='word_1_292' title='bbox 3089 2121 3437 2190; x_wconf 72' lang='lat' dir='ltr'><strong>enitendae</strong></span> 
     </span>
     <span class='ocr_line' id='line_1_54' title="bbox 1944 2200 3435 2308; baseline 0.021 -49"><span class='ocrx_word' id='word_1_293' title='bbox 1944 2200 2118 2282; x_wconf 83' lang='lat' dir='ltr'><strong>proli</strong></span> <span class='ocrx_word' id='word_1_294' title='bbox 2151 2215 2410 2285; x_wconf 84' lang='lat' dir='ltr'><strong>poterat</strong></span> <span class='ocrx_word' id='word_1_295' title='bbox 2442 2208 2802 2288; x_wconf 76' lang='lat' dir='ltr'><strong>suffecisse,</strong></span> <span class='ocrx_word' id='word_1_296' title='bbox 2849 2217 3025 2300; x_wconf 85' lang='lat' dir='ltr'><strong>quod</strong></span> <span class='ocrx_word' id='word_1_297' title='bbox 3063 2218 3271 2303; x_wconf 88' lang='lat' dir='ltr'><strong>ipsum</strong></span> <span class='ocrx_word' id='word_1_298' title='bbox 3303 2225 3435 2308; x_wconf 81' lang='lat' dir='ltr'><strong>jam</strong></span> 
     </span>
     <span class='ocr_line' id='line_1_55' title="bbox 1942 2305 3431 2393; baseline 0.021 -33"><span class='ocrx_word' id='word_1_299' title='bbox 1942 2314 2091 2363; x_wconf 79' lang='lat' dir='ltr'><strong>ante</strong></span> <span class='ocrx_word' id='word_1_300' title='bbox 2142 2320 2248 2365; x_wconf 86' lang='lat' dir='ltr'><strong>me</strong></span> <span class='ocrx_word' id='word_1_301' title='bbox 2284 2305 2564 2371; x_wconf 78' lang='lat' dir='ltr'><strong>advertit</strong></span> <span class='ocrx_word' id='word_1_302' title='bbox 2600 2311 2941 2378; x_wconf 78' lang='lat' dir='ltr'><strong>Fabricius</strong></span> <span class='ocrx_word' id='word_1_303' title='bbox 2978 2318 3053 2380; x_wconf 77' lang='grc' dir='ltr'><strong>ιι]</strong></span> <span class='ocrx_word' id='word_1_304' title='bbox 3084 2323 3316 2389; x_wconf 87' lang='lat' dir='ltr'><strong>Dionis</strong></span> <span class='ocrx_word' id='word_1_305' title='bbox 3350 2330 3431 2393; x_wconf 85' lang='lat'><strong>1..</strong></span> 
     </span>
     <span class='ocr_line' id='line_1_56' title="bbox 1940 2402 3434 2513; baseline 0.021 -51"><span class='ocrx_word' id='word_1_306' title='bbox 1940 2402 2234 2472; x_wconf 81' lang='lat' dir='ltr'>LXXVI.</span> <span class='ocrx_word' id='word_1_307' title='bbox 2286 2402 2478 2491; x_wconf 58' lang='lat'><strong>§.34</strong></span> <span class='ocrx_word' id='word_1_308' title='bbox 2551 2412 2932 2480; x_wconf 86' lang='lat' dir='ltr'><strong>Froelichio</strong></span> <span class='ocrx_word' id='word_1_309' title='bbox 2985 2421 3080 2486; x_wconf 80' lang='lat' dir='ltr'><strong>sie</strong></span> <span class='ocrx_word' id='word_1_310' title='bbox 3127 2426 3434 2513; x_wconf 77' lang='lat' dir='ltr'><strong>opinandi</strong></span> 
     </span>
     <span class='ocr_line' id='line_1_57' title="bbox 1940 2507 3435 2603; baseline 0.017 -34"><span class='ocrx_word' id='word_1_311' title='bbox 1940 2525 2133 2569; x_wconf 85' lang='lat' dir='ltr'><strong>causa</strong></span> <span class='ocrx_word' id='word_1_312' title='bbox 2181 2507 2305 2570; x_wconf 80' lang='lat' dir='ltr'><strong>fuit</strong></span> <span class='ocrx_word' id='word_1_313' title='bbox 2335 2510 2737 2592; x_wconf 83' lang='lat' dir='ltr'><strong>Politianus,</strong></span> <span class='ocrx_word' id='word_1_314' title='bbox 2797 2518 2908 2603; x_wconf 86' lang='lat' dir='ltr'><strong>qui</strong></span> <span class='ocrx_word' id='word_1_315' title='bbox 2951 2520 3173 2588; x_wconf 83' lang='lat' dir='ltr'><strong>locum</strong></span> <span class='ocrx_word' id='word_1_316' title='bbox 3219 2531 3435 2595; x_wconf 81' lang='lat' dir='ltr'><strong>Hero·</strong></span> 
     </span>
     <span class='ocr_line' id='line_1_58' title="bbox 1940 2605 3433 2697; baseline 0.019 -28"><span class='ocrx_word' id='word_1_317' title='bbox 1940 2605 2109 2669; x_wconf 87' lang='lat' dir='ltr'><strong>diani</strong></span> <span class='ocrx_word' id='word_1_318' title='bbox 2146 2612 2228 2672; x_wconf 85' lang='lat' dir='ltr'><strong>L.</strong></span> <span class='ocrx_word' id='word_1_319' title='bbox 2253 2612 2363 2673; x_wconf 91' lang='lat'><strong>111.</strong></span> <span class='ocrx_word' id='word_1_320' title='bbox 2400 2632 2457 2674; x_wconf 87' lang='lat' dir='ltr'><strong>c.</strong></span> <span class='ocrx_word' id='word_1_321' title='bbox 2505 2611 2595 2677; x_wconf 70' lang='lat'><strong>13.</strong></span> <span class='ocrx_word' id='word_1_322' title='bbox 2627 2617 2722 2680; x_wconf 85' lang='lat' dir='ltr'><strong>sie</strong></span> <span class='ocrx_word' id='word_1_323' title='bbox 2761 2622 2990 2685; x_wconf 80' lang='lat' dir='ltr'><strong>vertit:</strong></span> <span class='ocrx_word' id='word_1_324' title='bbox 3049 2638 3125 2688; x_wconf 85' lang='lat' dir='ltr'><strong>at</strong></span> <span class='ocrx_word' id='word_1_325' title='bbox 3154 2631 3433 2697; x_wconf 70' lang='lat' dir='ltr'><strong>Severa·</strong></span> 
     </span>
     <span class='ocr_line' id='line_1_59' title="bbox 1936 2710 3430 2810; baseline 0.02 -44"><span class='ocrx_word' id='word_1_326' title='bbox 1936 2710 2141 2788; x_wconf 68' lang='lat' dir='ltr'><strong>ipsam</strong></span> <span class='ocrx_word' id='word_1_327' title='bbox 2216 2712 2653 2797; x_wconf 88' lang='lat' dir='ltr'><strong>(Plautillam)</strong></span> <span class='ocrx_word' id='word_1_328' title='bbox 2706 2726 2958 2798; x_wconf 80' lang='lat' dir='ltr'><strong>pariter</strong></span> <span class='ocrx_word' id='word_1_329' title='bbox 3007 2746 3151 2789; x_wconf 77' lang='lat' dir='ltr'><strong>cum</strong></span> <span class='ocrx_word' id='word_1_330' title='bbox 3199 2735 3430 2810; x_wconf 80' lang='lat' dir='ltr'><strong>filiolo,</strong></span> 
     </span>
     <span class='ocr_line' id='line_1_60' title="bbox 1935 2822 3426 2910; baseline 0.019 -41"><span class='ocrx_word' id='word_1_331' title='bbox 1935 2831 2119 2892; x_wconf 81' lang='lat' dir='ltr'><strong>quem</strong></span> <span class='ocrx_word' id='word_1_332' title='bbox 2181 2826 2520 2893; x_wconf 76' lang='lat' dir='ltr'><strong>pepererat</strong></span> <span class='ocrx_word' id='word_1_333' title='bbox 2533 2859 2552 2892; x_wconf 91' lang='lat'><strong>,</strong></span> <span class='ocrx_word' id='word_1_334' title='bbox 2619 2822 2936 2901; x_wconf 60' lang='lat' dir='ltr'><strong>relegavit</strong></span> <span class='ocrx_word' id='word_1_335' title='bbox 2983 2828 3054 2887; x_wconf 75' lang='lat' dir='ltr'><strong>in</strong></span> <span class='ocrx_word' id='word_1_336' title='bbox 3101 2831 3426 2910; x_wconf 71' lang='lat' dir='ltr'><strong>Siciliam,</strong></span> 
     </span>
     <span class='ocr_line' id='line_1_61' title="bbox 1935 2921 3425 2999; baseline 0.019 -29"><span class='ocrx_word' id='word_1_337' title='bbox 1935 2927 2085 2973; x_wconf 85' lang='lat' dir='ltr'><strong>cum</strong></span> <span class='ocrx_word' id='word_1_338' title='bbox 2152 2925 2370 2977; x_wconf 86' lang='lat' dir='ltr'><strong>tamen</strong></span> <span class='ocrx_word' id='word_1_339' title='bbox 2430 2929 2646 2983; x_wconf 84' lang='lat' dir='ltr'><strong>textus</strong></span> <span class='ocrx_word' id='word_1_340' title='bbox 2689 2921 2983 2988; x_wconf 86' lang='lat' dir='ltr'><strong>Graecus</strong></span> <span class='ocrx_word' id='word_1_341' title='bbox 3034 2928 3280 2994; x_wconf 85' lang='lat' dir='ltr'><strong>diserte</strong></span> <span class='ocrx_word' id='word_1_342' title='bbox 3323 2938 3425 2999; x_wconf 77' lang='lat' dir='ltr'><strong>sio</strong></span> 
     </span>
     <span class='ocr_line' id='line_1_62' title="bbox 1933 3005 3422 3108; baseline 0.017 -38"><span class='ocrx_word' id='word_1_343' title='bbox 1933 3005 2205 3078; x_wconf 80' lang='lat' dir='ltr'><strong>habeat:</strong></span> <span class='ocrx_word' id='word_1_344' title='bbox 2253 3011 2283 3076; x_wconf 79' lang='grc' dir='ltr'><strong>ὅ</strong></span> <span class='ocrx_word' id='word_1_345' title='bbox 2331 3009 2400 3079; x_wconf 74' lang='grc' dir='ltr'><strong>δε</strong></span> <span class='ocrx_word' id='word_1_346' title='bbox 2421 3010 2695 3099; x_wconf 67' lang='grc' dir='ltr'><strong><em>Σεβηρος</em></strong></span> <span class='ocrx_word' id='word_1_347' title='bbox 2735 3019 2916 3099; x_wconf 50' lang='lat' dir='ltr'><strong>&amp;aar</strong></span> <span class='ocrx_word' id='word_1_348' title='bbox 2960 3051 3029 3089; x_wconf 83' lang='grc' dir='ltr'><strong>τε</strong></span> <span class='ocrx_word' id='word_1_349' title='bbox 3063 3027 3283 3108; x_wconf 63' lang='lat' dir='ltr'><strong>interm</strong></span> <span class='ocrx_word' id='word_1_350' title='bbox 3322 3058 3422 3096; x_wconf 72' lang='grc' dir='ltr'><strong>και</strong></span> 
     </span>
     <span class='ocr_line' id='line_1_63' title="bbox 1931 3107 3424 3216; baseline 0.019 -45"><span class='ocrx_word' id='word_1_351' title='bbox 1931 3133 2032 3172; x_wconf 80' lang='grc' dir='ltr'><strong>τον</strong></span> <span class='ocrx_word' id='word_1_352' title='bbox 2087 3107 2351 3193; x_wconf 71' lang='grc' dir='ltr'><strong>ἀδελφον</strong></span> <span class='ocrx_word' id='word_1_353' title='bbox 2394 3114 2579 3197; x_wconf 68' lang='lat' dir='ltr'><strong>cim-»75</strong></span> <span class='ocrx_word' id='word_1_354' title='bbox 2623 3120 2715 3200; x_wconf 69' lang='grc' dir='ltr'><strong>ἔας</strong></span> <span class='ocrx_word' id='word_1_355' title='bbox 2759 3121 3058 3194; x_wconf 73' lang='grc' dir='ltr'><strong>Σικελιαν</strong></span> <span class='ocrx_word' id='word_1_356' title='bbox 3114 3129 3424 3216; x_wconf 68' lang='grc' dir='ltr'><strong>ἐπεμψεν,</strong></span> 
     </span>
     <span class='ocr_line' id='line_1_64' title="bbox 1933 3206 3428 3310; baseline 0.02 -36"><span class='ocrx_word' id='word_1_357' title='bbox 1933 3206 2127 3297; x_wconf 76' lang='lat' dir='ltr'><strong>quam</strong></span> <span class='ocrx_word' id='word_1_358' title='bbox 2197 3217 2550 3286; x_wconf 85' lang='lat' dir='ltr'><strong>lectionem</strong></span> <span class='ocrx_word' id='word_1_359' title='bbox 2615 3228 2907 3310; x_wconf 85' lang='lat' dir='ltr'><strong>praefert</strong></span> <span class='ocrx_word' id='word_1_360' title='bbox 2969 3235 3163 3299; x_wconf 87' lang='lat' dir='ltr'><strong>etiam</strong></span> <span class='ocrx_word' id='word_1_361' title='bbox 3209 3240 3428 3303; x_wconf 81' lang='lat' dir='ltr'><strong>Hero·</strong></span> 
     </span>
     <span class='ocr_line' id='line_1_65' title="bbox 1934 3304 3422 3406; baseline 0.022 -31"><span class='ocrx_word' id='word_1_362' title='bbox 1934 3304 2137 3387; x_wconf 56' lang='lat' dir='ltr'><strong>diaht</strong></span> <span class='ocrx_word' id='word_1_363' title='bbox 2160 3316 2434 3405; x_wconf 85' lang='lat' dir='ltr'><strong>insignis</strong></span> <span class='ocrx_word' id='word_1_364' title='bbox 2499 3327 2711 3392; x_wconf 82' lang='lat' dir='ltr'><strong>codex</strong></span> <span class='ocrx_word' id='word_1_365' title='bbox 2772 3335 2917 3398; x_wconf 72' lang='lat' dir='ltr'><strong>MS.</strong></span> <span class='ocrx_word' id='word_1_366' title='bbox 2978 3335 3422 3406; x_wconf 76' lang='lat' dir='ltr'><strong>bibliothecae</strong></span> 
     </span>
     <span class='ocr_line' id='line_1_66' title="bbox 1933 3417 3421 3523; baseline 0.016 -44"><span class='ocrx_word' id='word_1_367' title='bbox 1933 3417 2319 3482; x_wconf 83' lang='lat' dir='ltr'><strong>Caesareae.</strong></span> <span class='ocrx_word' id='word_1_368' title='bbox 2378 3427 2812 3511; x_wconf 85' lang='lat' dir='ltr'><strong>Pellerinius‚</strong></span> <span class='ocrx_word' id='word_1_369' title='bbox 2892 3437 3004 3523; x_wconf 86' lang='lat' dir='ltr'><strong>qui</strong></span> <span class='ocrx_word' id='word_1_370' title='bbox 3055 3439 3421 3505; x_wconf 75' lang='lat' dir='ltr'><strong>Froelichii</strong></span> 
     </span>
     <span class='ocr_line' id='line_1_67' title="bbox 1929 3534 3419 3626; baseline 0.018 -46"><span class='ocrx_word' id='word_1_371' title='bbox 1929 3537 2183 3583; x_wconf 85' lang='lat' dir='ltr'><strong>causam</strong></span> <span class='ocrx_word' id='word_1_372' title='bbox 2220 3541 2481 3591; x_wconf 89' lang='lat' dir='ltr'><strong>rursum</strong></span> <span class='ocrx_word' id='word_1_373' title='bbox 2513 3534 2820 3597; x_wconf 85' lang='lat' dir='ltr'><strong>tuendam</strong></span> <span class='ocrx_word' id='word_1_374' title='bbox 2862 3541 3148 3623; x_wconf 85' lang='lat' dir='ltr'><strong>suscepit</strong></span> <span class='ocrx_word' id='word_1_375' title='bbox 3178 3564 3419 3626; x_wconf 84' lang='lat' dir='ltr'><strong>propo·</strong></span> 
     </span>
     <span class='ocr_line' id='line_1_68' title="bbox 1925 3625 3419 3725; baseline 0.015 -39"><span class='ocrx_word' id='word_1_376' title='bbox 1925 3625 2053 3689; x_wconf 80' lang='lat' dir='ltr'><strong>sito</strong></span> <span class='ocrx_word' id='word_1_377' title='bbox 2104 3648 2303 3691; x_wconf 88' lang='lat' dir='ltr'><strong>numo</strong></span> <span class='ocrx_word' id='word_1_378' title='bbox 2339 3633 2667 3695; x_wconf 72' lang='lat' dir='ltr'><strong>Hadriam*</strong></span> <span class='ocrx_word' id='word_1_379' title='bbox 2727 3640 2930 3701; x_wconf 80' lang='lat' dir='ltr'><strong>Getae</strong></span> <span class='ocrx_word' id='word_1_380' title='bbox 2979 3643 3419 3725; x_wconf 84' lang='lat' dir='ltr'><strong>appellatione</strong></span> 
     </span>
     <span class='ocr_line' id='line_1_69' title="bbox 1922 3725 3419 3821; baseline 0.015 -33"><span class='ocrx_word' id='word_1_381' title='bbox 1922 3725 2371 3813; x_wconf 80' lang='lat' dir='ltr'><strong>inscriptos),</strong></span> <span class='ocrx_word' id='word_1_382' title='bbox 2428 3730 2510 3792; x_wconf 89' lang='lat' dir='ltr'><strong>de</strong></span> <span class='ocrx_word' id='word_1_383' title='bbox 2549 3755 2678 3816; x_wconf 85' lang='lat' dir='ltr'><strong>quo</strong></span> <span class='ocrx_word' id='word_1_384' title='bbox 2722 3752 2955 3821; x_wconf 83' lang='lat' dir='ltr'><strong>agetur</strong></span> <span class='ocrx_word' id='word_1_385' title='bbox 2983 3741 3152 3806; x_wconf 78' lang='lat' dir='ltr'><strong>infra</strong></span> <span class='ocrx_word' id='word_1_386' title='bbox 3193 3745 3264 3809; x_wconf 90' lang='lat' dir='ltr'><strong>in</strong></span> <span class='ocrx_word' id='word_1_387' title='bbox 3299 3768 3419 3810; x_wconf 85' lang='lat' dir='ltr'><strong>no·</strong></span> 
     </span>
     <span class='ocr_line' id='line_1_70' title="bbox 1922 3827 3412 3930; baseline 0.017 -43"><span class='ocrx_word' id='word_1_388' title='bbox 1922 3827 2208 3899; x_wconf 81' lang='lat' dir='ltr'><strong>minibus</strong></span> <span class='ocrx_word' id='word_1_389' title='bbox 2246 3830 2488 3910; x_wconf 88' lang='lat' dir='ltr'><strong>Getae,</strong></span> <span class='ocrx_word' id='word_1_390' title='bbox 2543 3835 2777 3899; x_wconf 85' lang='lat' dir='ltr'><strong>iisdem</strong></span> <span class='ocrx_word' id='word_1_391' title='bbox 2822 3837 3021 3905; x_wconf 84' lang='lat' dir='ltr'><strong>facile</strong></span> <span class='ocrx_word' id='word_1_392' title='bbox 3066 3868 3412 3930; x_wconf 84' lang='lat' dir='ltr'><strong>argumen-</strong></span> 
     </span>
     <span class='ocr_line' id='line_1_71' title="bbox 1921 3927 3290 4023; baseline 0.014 -34"><span class='ocrx_word' id='word_1_393' title='bbox 1921 3927 2025 4006; x_wconf 84' lang='lat' dir='ltr'><strong>tis,</strong></span> <span class='ocrx_word' id='word_1_394' title='bbox 2068 3929 2310 4023; x_wconf 79' lang='lat' dir='ltr'><strong>quibus</strong></span> <span class='ocrx_word' id='word_1_395' title='bbox 2339 3930 2776 4013; x_wconf 86' lang='lat' dir='ltr'><strong>Froeliohius‚</strong></span> <span class='ocrx_word' id='word_1_396' title='bbox 2815 3937 3169 4008; x_wconf 83' lang='lat' dir='ltr'><strong>refellitur.</strong></span> <span class='ocrx_word' id='word_1_397' title='bbox 3281 3940 3290 3951; x_wconf 69' lang='grc'>’</span> 
     </span>
    </p>

    <p class='ocr_par' dir='ltr' id='par_1_9' title="bbox 1916 4029 3420 4318">
     <span class='ocr_line' id='line_1_72' title="bbox 2045 4029 3411 4134; baseline 0.018 -43"><span class='ocrx_word' id='word_1_398' title='bbox 2045 4029 2498 4115; x_wconf 76' lang='lat' dir='ltr'><strong>spartianum,</strong></span> <span class='ocrx_word' id='word_1_399' title='bbox 2543 4036 2656 4121; x_wconf 86' lang='lat' dir='ltr'><strong>qui</strong></span> <span class='ocrx_word' id='word_1_400' title='bbox 2702 4040 3049 4123; x_wconf 85' lang='lat' dir='ltr'><strong>aliquoties</strong></span> <span class='ocrx_word' id='word_1_401' title='bbox 3089 4049 3411 4134; x_wconf 79' lang='lat' dir='ltr'><strong>Elagaba-</strong></span> 
     </span>
     <span class='ocr_line' id='line_1_73' title="bbox 1917 4130 3420 4239; baseline 0.014 -45"><span class='ocrx_word' id='word_1_402' title='bbox 1917 4130 2056 4194; x_wconf 89' lang='lat' dir='ltr'><strong>lum</strong></span> <span class='ocrx_word' id='word_1_403' title='bbox 2097 4133 2471 4199; x_wconf 84' lang='lat' dir='ltr'><strong>Caracallae</strong></span> <span class='ocrx_word' id='word_1_404' title='bbox 2504 4135 2712 4205; x_wconf 84' lang='lat' dir='ltr'><strong>filium</strong></span> <span class='ocrx_word' id='word_1_405' title='bbox 2757 4143 2920 4211; x_wconf 87' lang='lat' dir='ltr'><strong>dixit</strong></span> <span class='ocrx_word' id='word_1_406' title='bbox 2949 4144 3050 4225; x_wconf 67' lang='grc' dir='ltr'><strong>Β),</strong></span> <span class='ocrx_word' id='word_1_407' title='bbox 3109 4148 3174 4210; x_wconf 93' lang='lat' dir='ltr'><strong>in</strong></span> <span class='ocrx_word' id='word_1_408' title='bbox 3213 4148 3420 4239; x_wconf 64' lang='lat' dir='ltr'><strong>hujus</strong></span> 
     </span>
     <span class='ocr_line' id='line_1_74' title="bbox 1916 4232 2806 4318; baseline 0.011 -23"><span class='ocrx_word' id='word_1_409' title='bbox 1916 4233 2049 4302; x_wconf 74' lang='lat' dir='ltr'><strong>vita</strong></span> <span class='ocrx_word' id='word_1_410' title='bbox 2080 4232 2146 4297; x_wconf 86' lang='lat' dir='ltr'><strong>in</strong></span> <span class='ocrx_word' id='word_1_411' title='bbox 2179 4233 2496 4318; x_wconf 80' lang='lat' dir='ltr'><strong>judicium</strong></span> <span class='ocrx_word' id='word_1_412' title='bbox 2540 4242 2806 4307; x_wconf 80' lang='lat' dir='ltr'><strong>vocabo.</strong></span> 
     </span>
    </p>
   </div>
   <div class='ocr_carea' id='block_1_9' title="bbox 319 4422 3480 4672">
    <p class='ocr_par' dir='ltr' id='par_1_10' title="bbox 319 4422 3480 4672">
     <span class='ocr_line' id='line_1_75' title="bbox 319 4422 3408 4477; baseline 0.011 -34"><span class='ocrx_word' id='word_1_413' title='bbox 319 4422 3408 4477; x_wconf 50' lang='grc' dir='ltr'><strong>ΜἫ-</strong></span> 
     </span>
     <span class='ocr_line' id='line_1_76' title="bbox 386 4564 3480 4672; baseline 0.011 -48"><span class='ocrx_word' id='word_1_414' title='bbox 386 4570 450 4640; x_wconf 81' lang='lat' dir='ltr'><strong>a)</strong></span> <span class='ocrx_word' id='word_1_415' title='bbox 487 4564 767 4625; x_wconf 83' lang='lat' dir='ltr'><strong>Raccolta</strong></span> <span class='ocrx_word' id='word_1_416' title='bbox 804 4567 864 4625; x_wconf 88' lang='lat' dir='ltr'><strong>di</strong></span> <span class='ocrx_word' id='word_1_417' title='bbox 899 4566 1184 4648; x_wconf 82' lang='lat' dir='ltr'><strong>Calogera</strong></span> <span class='ocrx_word' id='word_1_418' title='bbox 1214 4570 1382 4632; x_wconf 86' lang='lat' dir='ltr'><strong>Tom.</strong></span> <span class='ocrx_word' id='word_1_419' title='bbox 1413 4572 1487 4631; x_wconf 85' lang='grc' dir='ltr'><strong><em>Π.</em></strong></span> <span class='ocrx_word' id='word_1_420' title='bbox 1520 4595 1579 4651; x_wconf 89' lang='lat' dir='ltr'><strong>p.</strong></span> <span class='ocrx_word' id='word_1_421' title='bbox 1613 4578 1703 4638; x_wconf 67' lang='lat'><strong>65.</strong></span> <span class='ocrx_word' id='word_1_422' title='bbox 1779 4576 1849 4648; x_wconf 88' lang='lat' dir='ltr'><strong>b)</strong></span> <span class='ocrx_word' id='word_1_423' title='bbox 1886 4579 2204 4641; x_wconf 84' lang='lat' dir='ltr'><strong>Herodian.</strong></span> <span class='ocrx_word' id='word_1_424' title='bbox 2239 4582 2452 4659; x_wconf 73' lang='lat' dir='ltr'><strong>Dio‚1..</strong></span> <span class='ocrx_word' id='word_1_425' title='bbox 2484 4585 2751 4649; x_wconf 81' lang='lat' dir='ltr'><strong>LXXVI.</strong></span> <span class='ocrx_word' id='word_1_426' title='bbox 2782 4591 2828 4664; x_wconf 87' lang='lat'><strong>§.</strong></span> <span class='ocrx_word' id='word_1_427' title='bbox 2859 4594 2913 4656; x_wconf 90' lang='lat'><strong>6.</strong></span> <span class='ocrx_word' id='word_1_428' title='bbox 3007 4597 3069 4668; x_wconf 81' lang='lat' dir='ltr'><strong>c)</strong></span> <span class='ocrx_word' id='word_1_429' title='bbox 3106 4594 3144 4652; x_wconf 89' lang='lat' dir='ltr'><strong>l.</strong></span> <span class='ocrx_word' id='word_1_430' title='bbox 3177 4615 3225 4656; x_wconf 87' lang='lat' dir='ltr'><strong>c.</strong></span> <span class='ocrx_word' id='word_1_431' title='bbox 3267 4602 3405 4672; x_wconf 52' lang='grc'><strong><em>953.</em></strong></span> <span class='ocrx_word' id='word_1_432' title='bbox 3469 4642 3480 4663; x_wconf 81' lang='grc'><strong><em>.</em></strong></span> 
     </span>
    </p>
   </div>
   <div class='ocr_carea' id='block_1_10' title="bbox 316 4654 1082 4823">
    <p class='ocr_par' dir='ltr' id='par_1_11' title="bbox 316 4654 1082 4823">
     <span class='ocr_line' id='line_1_77' title="bbox 317 4654 1082 4736; baseline 0.007 -21"><span class='ocrx_word' id='word_1_433' title='bbox 317 4656 388 4725; x_wconf 84' lang='lat' dir='ltr'><strong>d)</strong></span> <span class='ocrx_word' id='word_1_434' title='bbox 434 4654 658 4735; x_wconf 87' lang='lat' dir='ltr'><strong>Epoch.</strong></span> <span class='ocrx_word' id='word_1_435' title='bbox 702 4657 1082 4736; x_wconf 84' lang='lat' dir='ltr'><strong>Syromaced.</strong></span> 
     </span>
     <span class='ocr_line' id='line_1_78' title="bbox 316 4746 907 4823; baseline 0.003 -17"><span class='ocrx_word' id='word_1_436' title='bbox 316 4746 523 4806; x_wconf 80' lang='lat' dir='ltr'><strong>Carae.</strong></span> <span class='ocrx_word' id='word_1_437' title='bbox 564 4769 616 4804; x_wconf 91' lang='lat' dir='ltr'><strong>c.</strong></span> <span class='ocrx_word' id='word_1_438' title='bbox 645 4761 701 4823; x_wconf 89' lang='lat'><strong>9.</strong></span> <span class='ocrx_word' id='word_1_439' title='bbox 736 4758 791 4805; x_wconf 88' lang='lat' dir='ltr'><strong>et</strong></span> <span class='ocrx_word' id='word_1_440' title='bbox 819 4761 907 4807; x_wconf 80' lang='lat'><strong>11.</strong></span> 
     </span>
    </p>
   </div>
   <div class='ocr_carea' id='block_1_11' title="bbox 507 4841 911 4925">
    <p class='ocr_par' dir='ltr' id='par_1_12' title="bbox 507 4841 911 4925">
     <span class='ocr_line' id='line_1_79' title="bbox 507 4841 911 4925; baseline 0 -22"><span class='ocrx_word' id='word_1_441' title='bbox 507 4841 683 4920; x_wconf 69' lang='grc' dir='ltr'><strong><em>(ναι.</em></strong></span> <span class='ocrx_word' id='word_1_442' title='bbox 736 4843 911 4925; x_wconf 73' lang='grc' dir='ltr'><strong>γη.)</strong></span> 
     </span>
    </p>
   </div>
   <div class='ocr_carea' id='block_1_12' title="bbox 1192 4662 2122 4759">
    <p class='ocr_par' dir='ltr' id='par_1_13' title="bbox 1192 4662 2122 4759">
     <span class='ocr_line' id='line_1_80' title="bbox 1192 4662 2122 4759; baseline 0.01 -39"><span class='ocrx_word' id='word_1_443' title='bbox 1192 4665 1255 4737; x_wconf 87' lang='lat' dir='ltr'><strong>e)</strong></span> <span class='ocrx_word' id='word_1_444' title='bbox 1293 4662 1397 4722; x_wconf 81' lang='lat' dir='ltr'><strong>lv.</strong></span> <span class='ocrx_word' id='word_1_445' title='bbox 1437 4664 1701 4753; x_wconf 67' lang='lat' dir='ltr'><strong>Teutam·</strong></span> <span class='ocrx_word' id='word_1_446' title='bbox 1740 4687 1805 4745; x_wconf 85' lang='lat' dir='ltr'><strong>p.</strong></span> <span class='ocrx_word' id='word_1_447' title='bbox 1842 4675 1966 4759; x_wconf 58' lang='lat'><strong>454.</strong></span> <span class='ocrx_word' id='word_1_448' title='bbox 2001 4688 2122 4748; x_wconf 86' lang='lat' dir='ltr'><strong>seq.</strong></span> 
     </span>
    </p>
   </div>
   <div class='ocr_carea' id='block_1_13' title="bbox 2253 4671 3409 4766">
    <p class='ocr_par' dir='ltr' id='par_1_14' title="bbox 2253 4671 3409 4766">
     <span class='ocr_line' id='line_1_81' title="bbox 2253 4671 3409 4766; baseline 0.013 -36"><span class='ocrx_word' id='word_1_449' title='bbox 2253 4671 2309 4749; x_wconf 83' lang='lat' dir='ltr'><strong>s)</strong></span> <span class='ocrx_word' id='word_1_450' title='bbox 2346 4671 2482 4733; x_wconf 86' lang='lat' dir='ltr'><strong>Ree.</strong></span> <span class='ocrx_word' id='word_1_451' title='bbox 2523 4677 2821 4741; x_wconf 79' lang='lat' dir='ltr'><strong>Tom.111.</strong></span> <span class='ocrx_word' id='word_1_452' title='bbox 2860 4702 2921 4761; x_wconf 88' lang='lat' dir='ltr'><strong>p.</strong></span> <span class='ocrx_word' id='word_1_453' title='bbox 2956 4682 3116 4745; x_wconf 86' lang='lat' dir='ltr'><strong>XIII.</strong></span> <span class='ocrx_word' id='word_1_454' title='bbox 3239 4674 3309 4766; x_wconf 64' lang='lat' dir='ltr'><strong>g)</strong></span> <span class='ocrx_word' id='word_1_455' title='bbox 3348 4690 3409 4746; x_wconf 83' lang='lat' dir='ltr'><strong>in</strong></span> 
     </span>
    </p>
   </div>
   <div class='ocr_carea' id='block_1_14' title="bbox 2888 4864 3002 4930">
    <p class='ocr_par' dir='ltr' id='par_1_15' title="bbox 2888 4864 3002 4930">
     <span class='ocr_line' id='line_1_82' title="bbox 2888 4864 3002 4930; baseline 0.044 -5"><span class='ocrx_word' id='word_1_456' title='bbox 2888 4864 3002 4930; x_wconf 80' lang='lat' dir='ltr'><strong>Fr</strong></span> 
     </span>
    </p>
   </div>
  </div>
 </body>
</html>
