4475 5584
1303 471 2069 548 PESCENNIVS
2172 445 2592 550 NIGER.

390 661 707 728 custodiri
756 664 1013 724 Romae
1063 657 1287 744 jussit,
1351 660 1445 721 sic
1492 670 1749 733 tamen,
1812 667 1886 717 ut

388 765 541 827 illos
597 784 683 830 eo
741 762 1031 837 bonore,
1115 780 1245 846 quo
1308 779 1495 833 suos,
1584 755 1880 820 haberet.

391 866 599 928 Caeso
647 877 835 949 patre
885 884 1034 927 eum
1080 876 1290 925 matre
1340 858 1667 945 deportati
1715 870 1883 933 sunt,

392 987 546 1029 mox
569 964 940 1028 rebellante
966 964 1208 1026 Albino
1243 964 1623 1048 interempti
1656 982 1884 1026 omnes

386 1087 518 1129 una
548 1087 699 1130 cum
749 1079 978 1129 matre.
1054 1064 1252 1160 Quod
1290 1063 1495 1127 fuerit
1530 1066 1723 1128 uxori
1772 1086 1890 1128 no-

388 1187 584 1245 men,
644 1168 883 1231 reticet
946 1166 1324 1252 Spartianus
1388 1186 1656 1243 eorum,
1720 1185 1888 1251 quae

382 1271 592 1332 *modo
651 1261 948 1346 narravi,
1007 1282 1236 1336 auctor
1283 1270 1364 1349 ⁸).
1451 1267 1714 1343 Fuere,
1774 1267 1889 1351 qui

393 1371 725 1433 exnumis
760 1371 997 1433 dietam
1025 1369 1232 1431 fuisse
1261 1372 1674 1431 Pescennium
1696 1371 1891 1430 Plau-

292 1533 313 1538 „
384 1478 639 1537 tianam
657 1470 1060 1534 adsererent.
1105 1471 1429 1533 Nimirum
1450 1470 1702 1554 primus
1721 1472 1891 1532 Bau·

388 1575 681 1640 delotiua
729 1593 999 1634 numum
1048 1570 1378 1636 Graecum
1440 1569 1734 1655 vulgavit
1793 1570 1890 1631 in·

388 1675 750 1758 seriptum
801 1669 1374 1736 HGCKGNNIA.
1417 1667 1892 1733 ΠΛΑΤΤΙΑ-

394 1776 555 1839 NA.
599 1769 1037 1838 CGBACTH.
1079 1773 1169 1854 1ὶ).
1206 1773 1529 1856 Reliqua,
1574 1773 1758 1855 cujus
1806 1774 1890 1836 sit

388 1877 563 1961 typi,
614 1895 744 1960 quo
781 1875 846 1935 in
880 1895 1106 1936 museo
1140 1889 1480 1940 servetur.
1529 1874 1893 1938 dissimula-

388 1978 521 2041 vit.
558 1979 796 2038 Narrat
811 1977 1126 2039 Baldinus
1161 1976 1241 2058 c)‚
1285 1977 1730 2061 comparuisse
1749 1976 1890 2058 ejus

395 2079 595 2141 alium
617 2121 636 2153 ‚
699 2078 816 2140 sed
845 2078 1147 2141 Latinum
1176 2124 1193 2154 ,
1258 2079 1328 2142 in
1362 2079 1547 2161 cujus
1586 2100 1719 2140 una·
1746 2100 1894 2162 par-

393 2195 502 2243 te:
587 2180 1105 2273 PESCENNIQ
1164 2182 1686 2246 PLAVTIANA.
1745 2182 1896 2248 AV-

403 2282 735 2356 GVSTA,
779 2280 848 2341 in
886 2281 1049 2343 alia:
1110 2281 1646 2358 CONCORDIA.
1689 2283 1766 2342 P.
1811 2283 1892 2342 R.

401 2384 521 2446 sed
581 2383 777 2445 etiam
833 2397 1245 2467 compertum
1301 2380 1544 2457 fuisse,
1627 2389 1892 2445 manum

400 2485 786 2548 modernam
849 2484 1059 2546 literis
1113 2483 1346 2572 vitium
1405 2482 1741 2547 obtulisse.
1817 2485 1893 2545 In

401 2585 633 2650 eadem
695 2581 934 2647 deinde
996 2584 1317 2647 sententia
1371 2583 1499 2646 fuit
1558 2585 1752 2647 etiam
1809 2586 1894 2647 el.

401 2687 742 2760 Beauvais.
834 2688 907 2747 In
968 2704 1168 2748 numo
1238 2707 1445 2751 aeneo
1488 2687 1568 2748 11.
1640 2687 1895 2752 formae

403 2791 614 2853 musei
646 2787 991 2863 Caesarei,
1053 2787 1171 2850 sed
1201 2788 1329 2851 hoc
1365 2785 1710 2852 evidenter
1743 2811 1895 2873 spu-

399 2891 541 2966 ri0,
600 2890 849 2974 legitur
890 2889 1045 2952 hinc
1094 2890 1603 2952 PESCENNIA.
1636 2890 1899 2959 PLAV-

401 2994 692 3056 ΤΙΑΝΔ.
726 2992 1135 3057 AVGVSTA
1160 3036 1178 3069 ,
1242 2991 1429 3053 illinc
1461 2989 1722 3055 CLOD.
1752 2992 1897 3053 AL-

398 3095 686 3161 BINVS.
735 3094 974 3154 CAES.
1020 3093 1224 3160 AVG.
1272 3094 1450 3154 lMP.
1490 3094 1573 3182 ⁸S.
1608 3094 1686 3157 C.
1726 3094 1897 3157 intra

399 3207 737 3262 coronam.
792 3197 896 3257 Ex
942 3193 1139 3274 hujus
1192 3212 1355 3277 ergo
1409 3193 1659 3257 falsarii
1713 3214 1901 3279 prae·

400 3311 598 3380 cepto
663 3296 829 3358 haec
889 3295 1131 3358 mulier
1182 3294 1309 3360 fuit
1362 3295 1588 3359 Albini
1638 3296 1899 3378 conjux.

399 3396 780 3461 Secundum
842 3398 1009 3461 alios
1053 3398 1478 3461 Pescenniam
1525 3396 1899 3461 Plautillam

398 3489 609 3564 fuisse
646 3518 924 3563 uxorem
952 3497 1213 3576 Albini,
1249 3500 1318 3563 in
1350 3500 1479 3565 hoc
1515 3499 1901 3566 vibebimus·

803 3725 1484 3786 Animadveru'o

613 3827 709 3886 ad
744 3843 971 3887 numos
1011 3827 1349 3886 Pescennii
1387 3826 1679 3889 Latinos.

529 4006 883 4074 Pescennii
922 4007 1105 4072 numi
1138 4028 1364 4072 omnes
1385 4053 1402 4085 ‚
1438 4009 1635 4073 etiam
1668 4010 1782 4098 qui
1810 4009 1900 4075 ad

405 4109 676 4174 modum
740 4121 1045 4171 monetae
1084 4105 1429 4174 'Romanae
1504 4111 1662 4176 facti
1722 4127 1896 4188 aunt,

404 4212 746 4286 commatis
811 4222 994 4273 certe
1054 4222 1203 4272 sunt
1260 4214 1632 4297 peregrini,
1699 4227 1898 4300 atque

402 4312 580 4376 baud
637 4311 837 4375 dubie
883 4309 1120 4395 signati
1165 4305 1554 4378 Antiochiae
1596 4316 1898 4400 principe

406 4414 551 4495 ejus
611 4425 858 4478 tractus
913 4411 1119 4488 urbe,
1174 4412 1244 4475 in
1326 4436 1453 4501 qua
1492 4418 1899 4512 ,temporarii

3346 497 3489 561 153

1999 657 2268 742 imperii
2329 659 2554 723 sedem
2600 655 2761 720 fixit.
2806 658 2970 719 Nam
3024 678 3156 742 quo
3190 671 3493 745 tempore

1999 757 2349 843 imperium
2385 760 2453 821 in
2489 759 2767 824 Oriente
2798 760 3174 844 usurpavit,
3217 763 3496 824 Romam

2000 862 2214 923 tenuit
2260 859 2415 926 Did.
2474 862 2809 936 lulianus,
2868 883 3020 924 mox
3079 864 3400 944 Severus,
3461 888 3502 927 a

2000 961 2267 1043 quibus,
2324 963 2448 1025 e'tsi
2504 977 2799 1025 senatum
2854 965 3306 1049 populumque
3371 963 3501 1028 sibi

2004 1061 2279 1125 devotos
2301 1053 2628 1138 ‘haberet,
2675 1078 2783 1126 aut
2818 1065 3079 1148 agnitus
3113 1085 3245 1127 non
3285 1080 3388 1128 est
3430 1067 3502 1128 in

2001 1163 2373 1248 principatu
2437 1165 2749 1249 conlega,
2833 1180 2979 1241 aut,
3044 1165 3221 1249 quod
3286 1168 3505 1234 serius

2003 1265 2262 1342 evenit,
2330 1265 2537 1329 hostis
2611 1268 2808 1329 etiam
2866 1265 3213 1349 judicatus.
3311 1269 3501 1364 Quae

2003 1386 2196 1429 causa
2229 1381 2329 1431 est
2350 1412 2367 1444 ,
2413 1387 2533 1430 cur
2551 1389 2684 1431 non
2722 1381 2980 1431 exstent
3008 1370 3196 1432 aenei
3214 1373 3506 1436 Pescen·

2001 1469 2096 1529 nii
2150 1469 2332 1529 numi
2392 1489 2476 1531 ex
2536 1470 2603 1530 S.
2642 1470 2713 1531 C.
2762 1469 3035 1553 signati,
3102 1484 3170 1532 et
3213 1471 3269 1532 si
3328 1492 3499 1556 quos

2001 1568 2179 1634 forte
2222 1584 2449 1637 nactus
2497 1569 2743 1648 fueris,
2811 1570 3125 1633 continuo
3170 1571 3502 1637 inauditos

2002 1663 2493 1735 condemnabis.
2567 1672 2653 1734 At
2723 1669 3027 1758 quoniam
3083 1670 3502 1756 imperatori-

1999 1772 2123 1835 bus
2170 1774 2237 1834 in
2267 1794 2497 1836 aurum
2541 1789 3018 1858 argentumque
3057 1773 3160 1856 jus
3196 1774 3360 1852 fuit,
3408 1789 3502 1848 et,

2003 1895 2390 1960 quacunque
2437 1873 2505 1936 in
2555 1874 2736 1938 orbis
2772 1890 2959 1959 parte
3005 1875 3354 1960 imperium
3400 1898 3502 1939 ar-

2003 1977 2307 2060 ripuere,
2351 1997 2505 2040 mox
2551 1997 2633 2040 ex
2668 1991 2952 2064 utroque
2991 1977 3262 2038 metallo
3302 1976 3369 2039 in
3416 1979 3504 2039 si-

2007 2097 2206 2161 gnum
2254 2080 2409 2143 suae
2451 2079 2795 2163 potestatis
2828 2091 3160 2141 monetam
3206 2078 3507 2163 signave-

2005 2194 2197 2256 runt,
2270 2179 2455 2262 cujus
2514 2179 2920 2243 luculentum
2997 2181 3372 2265 exemplum
3429 2181 3505 2241 in

2004 2282 2407 2364 Vespasiano
2452 2281 2772 2357 vidimus,
2828 2279 3064 2346 eodem
3109 2296 3175 2344 et
3218 2284 3512 2345 Pescen-

2006 2382 2152 2444 nius
2211 2383 2517 2464 exemplo
2565 2402 2801 2444 numos
2846 2405 3083 2448 aureos
3128 2397 3507 2465 argenteos-

2008 2503 2137 2567 que
2174 2503 2321 2546 cum
2358 2504 2471 2545 sua
2503 2484 2786 2567 imagine
2816 2485 3130 2570 vulgavit.
3207 2486 3504 2549 Aureum

1958 2639 1971 2647 .
2009 2584 2326 2648 hactenus
2359 2585 2620 2648 unicum
2650 2599 3025 2669 repertum,
3071 2586 3244 2650 infra
3283 2586 3355 2651 in
3385 2610 3509 2651 nu·

2010 2708 2119 2751 mo
2178 2686 2495 2770 inscripto
2540 2687 3057 2751 coNcoRmA
3121 2689 3507 2772 prodemus.

2009 2787 2278 2872 Reliqui
2328 2807 2555 2849 omnes
2589 2801 2738 2850 sunt
2769 2789 3101 2874 argentei,
3146 2803 3213 2852 et
3247 2809 3396 2853 cum
3433 2789 3506 2851 hi

2010 2907 2274 2972 quoque
2310 2886 2502 2951 valde
2530 2889 2695 2961 rari,
2737 2910 2812 2952 ac
2847 2904 3200 2974 propterea
3246 2911 3508 2954 summo

2012 2990 2077 3052 in
2120 2988 2341 3073 pretio
2381 2990 2552 3066 sint,
2594 3008 2862 3067 omnes,
2908 3005 3230 3077 quotquot
3273 3014 3307 3055 a
3354 2991 3510 3054 fidis

2012 3091 2390 3157 auctoribus
2433 3089 2648 3153 editos
2690 3092 2946 3174 reperi,
2995 3092 3399 3168 describere,
3438 3109 3509 3158 et

2011 3195 2081 3257 in
2110 3217 2310 3256 unum
2339 3193 2645 3257 conferre
2666 3194 2932 3277 placuit.
2978 3191 3506 3274 Observandum,

2014 3316 2133 3360 eo·
2193 3315 2420 3359 omnes
2480 3295 2771 3360 fabricae
2833 3307 2979 3362 esse
3032 3299 3334 3376 vilioris,
3412 3301 3509 3360 in·

2016 3397 2413 3483 scriptione,
2493 3419 2568 3461 ac
2628 3398 2840 3462 literis
2896 3414 3092 3485 saepe
3149 3419 3354 3483 prave
3413 3399 3510 3459 di-

2015 3500 2277 3575 stortis,
2324 3519 2399 3562 ac
2442 3500 2719 3576 luxatis,
2764 3523 2895 3586 quo
2939 3503 3254 3568 continuo
3315 3520 3506 3584 pere-

2007 3602 2422 3689 grinitatem,
2471 3618 2538 3666 et
2568 3604 2906 3666 soloecum
2953 3625 3140 3666 suum
3191 3602 3504 3688 produnt,

2006 3703 2187 3790 quod
2219 3703 2746 3766 animadvertere
2777 3705 3023 3786 operae
3083 3705 3367 3788 pretium
3413 3706 3510 3770 vi·

2008 3826 2192 3881 sum,
2247 3823 2332 3866 ne
2394 3826 2547 3867 mox
2604 3818 2879 3889 propter
2936 3804 3227 3868 fabricae
3285 3805 3508 3870 defor-

2009 3906 2591 3989 mitatempurios
2638 3927 2840 3971 numo
2874 3907 3125 3970 natales
3174 3907 3512 3970 immerito

2012 4007 2421 4092 objiciamus.

2218 4282 2296 4344 V.
2337 4281 2398 4341 C.
2427 4285 2735 4346 906.947.
2769 4279 2839 4339 Ρ.
2869 4277 2956 4340 Χ.
2991 4283 3131 4343 193.
3163 4284 3304 4342 194.

2014 4416 2100 4477 Δ.
2295 4417 2481 4479 ΙΜΡ.
2525 4415 2769 4481 CAES.
2814 4416 2887 4478 C.
2938 4414 3178 4477 PESC.
3216 4410 3509 4475 MGER.

519 4666 581 4735 a)
620 4664 685 4722 in
716 4664 1075 4736 Pescennio,
1115 4676 1176 4723 et
1202 4665 1436 4725 Severo.
1547 4664 1618 4741 b)
1657 4665 1800 4732 Vtil.
1839 4663 1944 4728 des
1975 4685 2109 4748 voy.
2147 4668 2214 4725 Τ.
2248 4666 2316 4726 11.
2343 4689 2408 4745 p·
2433 4677 2559 4735 35?-
2674 4669 2735 4740 c)
2777 4663 2854 4723 ad
2870 4664 3050 4728 Vaill.
3083 4685 3241 4724 uum.
3296 4675 3512 4751 praest.
3589 4721 3600 4732 ,

378 4751 480 4840 “1'.
517 4751 610 4813 ΠΙ.
662 4776 724 4833 p.
759 4761 884 4817 283.

658 4838 835 4925 (Vol.
893 4849 1070 4928 1²11.)

3048 4847 3110 4913 V
