4475 5584
1099 430 1184 511 P.
1283 425 1665 503 HELVI
1693 428 1830 504 VS
1929 427 2587 505 PERTINAX.

299 617 641 683 mationes‘
669 612 1010 679 salutatur.
1097 616 1258 692 Mox
1301 614 1406 677 rei
1452 611 1785 697 gerendae

297 722 587 784 intentus
632 729 929 781 veterem
975 717 1195 800 eoepit
1236 735 1550 779 revocare
1595 715 1786 777 disci·

296 820 544 906 plinam
570 862 589 895 ‚
651 816 993 900 corrigere
1027 837 1248 880 mores
1276 815 1491 892 urbis,
1537 815 1784 898 ejicere

301 921 675 995 delatores,
732 918 988 981 aerario
1039 921 1355 982 exhausto
1411 917 1782 992 consulere,

300 1037 495 1110 atque
537 1020 681 1105 ipse
720 1019 975 1103 primus
1019 1039 1167 1084 esse
1208 1017 1603 1104 frugalitatis
1649 1037 1800 1081 auc-

301 1141 440 1201 tor,
497 1135 570 1186 et
620 1124 1017 1207 exemplum.
1095 1125 1182 1186 At
1210 1140 1374 1187 vero
1423 1120 1553 1183 hoc
1581 1120 1796 1204 ipsum

182 1259 187 1264 ·
301 1239 482 1301 erat,
529 1220 709 1312 quod
738 1224 1230 1306 praetorianos,
1278 1242 1442 1309 quos
1479 1222 1800 1305 intempe-

299 1325 555 1392 rantiae
590 1323 1098 1392 Commodianae
1130 1323 1530 1388 desiderium
1563 1322 1799 1399 tenuit,

297 1426 619 1502 offendit,
665 1445 943 1510 quorum
973 1447 1124 1510 pars
1148 1440 1424 1511 repente
1466 1428 1642 1495 facto
1688 1451 1801 1515 ag-

297 1529 479 1592 mine
522 1526 594 1588 in
634 1525 946 1610 palatium
1006 1526 1238 1604 irruit,
1294 1530 1795 1617 principemque

296 1630 395 1696 nil
416 1630 558 1693 tale
588 1627 968 1711 opinantem
1003 1627 1386 1694 vulneribus
1401 1631 1484 1695 ad
1512 1648 1795 1697 mortem

300 1729 572 1798 conficit
611 1731 695 1797 V·
724 1727 1009 1790 Kalend.
1057 1729 1269 1812 April.
1293 1734 1373 1803 V.
1413 1736 1484 1798 C.
1518 1734 1664 1817 946.
1710 1737 1799 1797 At

278 1832 592 1918 ⁸populus
622 1842 974 1914 patresque
1023 1850 1283 1896 caesum
1338 1848 1555 1899 tantae
1597 1836 1800 1903 virtu-

300 1934 384 1997 tis
428 1933 691 2008 virum,
758 1936 956 2022 eique
1011 1935 1298 2019 tempori
1351 1939 1799 2001 necessarium

302 2038 763 2125 indignissime
800 2036 982 2111 tulit,
1042 2036 1383 2121 patuitque
1437 2037 1548 2101 hie
1585 2036 1804 2101 adfec-

306 2153 409 2203 tus
440 2140 672 2224 paullo
703 2150 876 2223 post,
911 2158 1059 2201 cum
1090 2136 1515 2200 referendum
1550 2138 1616 2199 in
1649 2135 1806 2199 deo-

306 2262 457 2306 rum
491 2259 847 2304 numerum
878 2256 1220 2314 censuere,
1265 2257 1342 2301 ac
1375 2239 1607 2315 serius,
1650 2258 1804 2302 cum

311 2340 603 2404 Severus
648 2338 791 2422 ejus
820 2338 1136 2402 virtutum
1179 2339 1640 2404 recordatione
1656 2343 1806 2403 Per·

312 2447 591 2506 tiuacem
637 2460 710 2504 se
761 2438 892 2502 dici
941 2461 1169 2523 passus
1202 2453 1339 2518 est,
1401 2440 1640 2505 habitis
1687 2463 1806 2525 pu·

309 2542 489 2607 bliee
544 2540 691 2624 ejus
737 2541 1096 2604 memoriae
1161 2539 1547 2607 honoribus.
1631 2541 1804 2614 Vide

312 2643 603 2706 Dionem
623 2683 643 2718 ,
685 2640 1169 2721 Herodianum,
1217 2643 1682 2730 Capitolinum.

437 2745 634 2813 'onr
699 2745 999 2820 D‘tiana,
1080 2742 1165 2807 de
1214 2765 1370 2829 qua,
1444 2757 1514 2809 et
1577 2741 1810 2807 liberis

317 2843 508 2908 infra.

670 2983 747 3045 V.
794 2983 859 3045 C.
899 2987 1049 3056 946.
1090 2982 1166 3042 P.
1207 2984 1293 3045 X.
1341 2990 1484 3049 193.

360 3083 609 3148 CAES.
656 3084 869 3146 AVG.
915 3085 1037 3145 ΤΒ.
1082 3084 1153 3144 Ρ.
1203 3084 1378 3146 COS.
1423 3086 1512 3146 ΙῙ.
1561 3086 1633 3147 Ρ.
1680 3088 1770 3148 Μ.

324 3188 397 3263 Q.
426 3187 627 3249 Sosio
648 3186 948 3262 Falcone,
986 3186 1048 3245 C.
1064 3184 1189 3247 Iul.
1209 3186 1445 3247 Erucio
1465 3188 1803 3251 Clas-ocos.

322 3386 396 3450 Δ.
600 3384 778 3447 ΙΜῬ.
800 3384 1039 3449 CAES.
1069 3387 1147 3451 P.
1174 3384 1439 3454 HELV.
1464 3386 1814 3451 PERTIN.

604 3484 817 3557 AVG.
880 3490 1082 3566 caput
1141 3490 1502 3551 laureatum
1551 3492 1623 3552 in
1664 3497 1731 3553 A
1737 3493 1812 3552 V.

605 3590 745 3653 AB.
776 3592 850 3652 ἔτι
878 3593 1021 3652 ΑΕ.
1041 3591 1134 3653 II.
1178 3593 1376 3652 etiam
1402 3593 1752 3655 radiatum.

322 3741 397 3807 n.
604 3743 785 3807 mr.
861 3744 1104 3806 CAES.
1166 3745 1243 3805 P.
1296 3703 1561 3813 manv.
1607 3747 1815 3809 PER-

3247 446 3382 518 141

1902 616 2308 678 bernaculum
2324 659 2340 690 ,
2387 637 2438 676 s.
2481 616 2921 695 comacopiae.
2982 615 3124 676 An.
3185 613 3392 695 (Mus.

1902 715 2121 796 Caes.)
2164 719 2302 777 AE.
2339 716 2385 776 1.
2432 714 2690 796 (Vaill.)
3343 717 3350 726 ‘

2025 818 2359 879 Fortunae
2385 816 2806 880 simulacrum
2838 834 3068 878 aversa
3081 813 3271 894 sistit,
3307 830 3398 880 at·

1900 935 2030 1001 que
2059 929 2130 979 ut
2153 917 2373 980 variae
2397 940 2432 980 a
2449 918 2761 980 Romanis
2782 920 3135 995 Fortunae,
3170 918 3400 983 variis·

1912 1038 2043 1104 que
2069 1037 2186 1081 eae
2206 1015 2751 1103 appellationibus
2782 1019 2995 1083 cultae
3031 1033 3201 1095 sunt,
3239 1040 3399 1104 quas

1910 1119 2057 1181 fuse
2090 1118 2513 1203 persequitur
2553 1120 2947 1183 Plutarchus
2979 1124 3037 1202 ⁸)
3059 1164 3077 1195 ‚
3144 1120 3237 1184 ita
3272 1120 3398 1183 hae

1912 1238 2141 1282 omnes
2186 1218 2454 1282 nomine
2499 1226 2765 1284 dearum
2812 1226 3139 1284 custodum
3173 1223 3241 1283 in
3270 1220 3402 1286 hoc

1910 1340 2111 1382 numo
2131 1319 2608 1404 intelliguntur,
2654 1342 2928 1405 quarum
2967 1342 3038 1385 se
3069 1323 3401 1406 praesidio

1909 1418 2222 1483 Pertinax
2256 1420 2328 1482 in
2360 1421 2538 1485 aditu
2567 1421 2828 1506 imperii
2858 1421 3294 1491 commendat·

2646 1587 2688 1628 a

2481 1630 2523 1669 ιι
2810 1630 2853 1673 e

2196 1692 2439 1751 antica
2499 1693 2766 1752 incerta.

1913 1787 2085 1853 DIS.
2117 1787 2741 1859 GENI'I'ORIBVS.
2792 1793 3015 1871 Cybelo
3062 1796 3297 1856 turrita
3339 1804 3410 1859 et

1913 1892 2128 1952 velata
2157 1894 2219 1951 d.
2244 1901 2542 1971 pateram
2574 1912 2760 1972 super
2785 1913 2969 1953 aram
2996 1899 3316 1972 extendit,
3354 1918 3412 1959 s.

1917 1993 2213 2070 templum
2246 1981 2444 2067 tenet,
2477 2012 2599 2072 pro
2623 1996 2894 2072 pedibus
2920 1996 3173 2071 puellus
3202 1999 3410 2059 mam·-

1919 2094 2036 2153 bus
2064 2095 2276 2168 elatis,
2323 2101 2388 2154 et
2416 2094 2717 2154 insistens
2724 2096 2937 2174 91060.
2993 2094 3197 2158 AE-I.
3224 2096 3409 2175 (Bal-

1918 2189 2055 2253 dini
2084 2191 2258 2274 apud
2290 2192 2488 2257 Vaitl.
2513 2196 2703 2257 Tom.
2741 2194 2856 2275 11.)

2042 2294 2180 2355 Iam
2206 2303 2274 2356 et
2310 2295 2442 2355 diis
2469 2298 2868 2374 qenitoribus
2903 2312 2975 2358 se
2994 2296 3411 2365 commendat

1917 2393 2252 2467 Pertinax,
2293 2412 2378 2454 ex
2405 2394 2640 2477 quibus
2669 2397 2926 2460 unicam
2965 2397 3075 2463 hic
3095 2400 3411 2482 Cybelen,

1919 2513 2194 2579 eamque
2228 2494 2770 2575 vetustissimam,
2816 2504 3209 2586 Matremque
3223 2506 3411 2565 deum

1917 2595 2120 2681 vulgo
2138 2595 2529 2680 appellatam
2545 2600 2878 2684 proponit.
2917 2600 3198 2664 Adstans
3224 2600 3413 2686 puel·

1922 2698 2026 2760 lus
2077 2717 2162 2760 ex
2195 2717 2427 2761 eorum
2461 2698 2636 2761 haud
2679 2698 2877 2763 dubie
2920 2722 3199 2767 numero
3260 2701 3412 2782 erit,

1925 2817 2208 2885 quorum
2241 2798 2359 2862 illa
2390 2799 2678 2883 genitrix
2712 2801 2843 2867 dici
2873 2801 3265 2888 promeruit.

2658 2954 2702 2997 ⁴*
2818 2998 2861 3041 e

2492 2995 2535 3038 e

2172 3083 2175 3086 1
2215 3056 2302 3115 Vt
2341 3056 2442 3118 lit.
2480 3058 2559 3118 A.

1924 3151 2166 3219 IANO.
2186 3155 2739 3225 CONSERVAT.
2758 3163 2957 3222 Ianus
2977 3160 3223 3243 bisi-om
3237 3172 3418 3228 stam

1926 3259 1990 3318 d.
2021 3258 2297 3322 hastam.
2338 3259 2477 3321 AR.
2539 3261 2737 3339 (Mus.
2777 3259 2998 3346 Caes.)

2054 3357 2281 3420 Ianum
2327 3359 2527 3424 modo
2559 3363 2871 3428 Pertinax
2913 3376 3421 3430 conservatorem

1929 3477 2119 3520 suum
2163 3458 2487 3554 appellat,
2545 3478 2935 3552 poteratque
2993 3466 3074 3529 ab
3119 3467 3249 3530 hoc
3282 3487 3420 3530 non

1926 3560 2581 3642 inficiandus‘videri,
2628 3569 2934 3652 quoniam
2971 3587 3053 3631 eo
3093 3569 3238 3654 ipso
3259 3582 3420 3632 tem-

1930 3682 2132 3747 pore,
2196 3685 2329 3749 quo
2377 3688 2615 3729 annum
2670 3669 2860 3731 Ianus
2903 3669 3155 3755 aperit,
3217 3672 3424 3754 impe·

1931 3765 2105 3828 rium
2154 3766 2525 3852 auspicatus
2570 3781 2709 3847 est,
2771 3789 2936 3856 quae
2998 3770 3196 3833 etiam
3244 3768 3421 3834 haud

612 3846 905 3910 TINAX·
948 3845 1157 3914 AVG·
1222 3850 1424 3928 Caput
1460 3851 1821 3910 mmmm
1935 3867 2132 3933 dubia
2157 3866 2320 3933 lecti
2353 3868 2547 3953 hujus
2577 3870 2718 3956 typi
2750 3890 2943 3968 causa
2970 3869 3252 3937 videtur.

611 3948 684 4009 s'n
709 3949 854 4011 ΑΕ.
881 3967 1060 4010 max.
1088 3950 1258 4014 mod.
1285 3959 1354 4013 et
1386 3952 1531 4014 AB.
1564 3953 1623 4013 Ι.
1649 3952 1743 4013 11.

890 4208 931 4250 fi
1054 4166 1096 4207 ·
1218 4210 1259 4251 ὕ

618 4307 703 4367 Vt
743 4304 842 4367 lit.
866 4304 951 4365 A.
998 4306 1108 4369 vel
1127 4306 1203 4366 B.

2511 4048 2554 4089 0
2678 4005 2722 4048 ,
2842 4049 2889 4093 C

2218 4110 2305 4170 Vt
2342 4108 2439 4169 lit.
2476 4111 2553 4167 B.

1933 4210 2101 4272 LIB.
2135 4207 2336 4276 AVG.
2372 4209 2511 4270 ΤΒ.
2546 4208 2622 4272 Ρ.
2661 4203 2854 4273 COS.
2884 4209 2968 4272 11.
3005 4208 3074 4273 S.
3105 4208 3180 4275 C.
3222 4211 3427 4290 Impe-

1931 4321 2111 4373 rator
2143 4313 2367 4372 sedem
2405 4312 2475 4370 in
2503 4320 2802 4390 συρροήν
2830 4313 3232 4392 confiat-tum
3261 4315 3428 4376 divi·

332 4402 502 4471 ms.
535 4402 1113 4478 CVSTODLBVS.
1160 4409 1393 4472 Mulier
1423 4413 1683 4475 etan-td.
1700 4433 1819 4495 qu·
1931 4416 2050 4476 dit.
2105 4409 2244 4474 ΑΕ.
2277 4411 2325 4473 1.
2396 4407 2622 4493 (vain.
2658 4411 2828 4475 Mus.
2858 4411 3283 4496 christinae.)

450 4693 513 4766 a)
554 4688 633 4754 de
666 4693 827 4754 Fert.
862 4693 1034 4755 Rom.
