4475 5584
1094 481 1245 554 2⁵88

1099 645 1356 710 Graece
1411 644 1715 730 inscripti
1779 605 2062 730 demptio
2109 627 2596 717 Alexandrinis,

1100 768 1267 834 quos
1312 748 1626 812 continuo
1678 744 2139 810 indicabimus.
2218 746 2450 814 Potest
2502 753 2596 806 ts·

1021 891 1036 904 -
1098 868 1252 912 nien
1283 848 1368 911 de
1405 848 1600 932 hujus
1641 849 1827 912 numi
1862 844 1996 909 fide
2037 844 2379 908 dubitari.
2427 846 2593 906 Nam

1100 949 1409 1035 doceret,
1456 949 1874 1024 Severinum,
1929 946 2079 1031 quia
2115 946 2184 1007 in
2230 945 2360 1009 hoc
2392 962 2594 1007 numo

1099 1063 1482 1114 consecrata
1567 1050 1843 1125 dicitur,
1932 1060 2085 1110 ante
2168 1046 2596 1109 Aurelianum

1096 1148 1305 1213 fuisse
1349 1163 1714 1227 mortuam,
1759 1170 1910 1214 cum
1953 1160 2169 1211 tamen
2214 1147 2398 1210 numi
2442 1148 2596 1210 Ale·

1093 1249 1397 1315 xandrini
1430 1251 1828 1315 contrarium
1849 1248 2160 1312 Qdoceant

1374 1347 1669 1419 ΟΤΛΠ
1749 1339 2591 1416 ceoTHP1NA.c<-JB.

1377 1457 1547 1533 Esus
1589 1465 1803 1535 caput.

1095 1549 1177 1622 L.
1215 1553 1284 1620 8.
1322 1558 1434 1620 vel
1460 1555 1516 1619 Z
1552 1559 1760 1621 variis
1788 1558 1979 1637 typis.
2021 1552 2426 1618 AE.11.111.

2335 455 2977 532 SEVERINA.

2832 643 2939 703 Ex
2988 621 3091 703 his
3127 623 3343 702 numis
3385 639 3743 706 severinae
3774 654 4053 736 gentem
4094 646 4197 706 71·

2702 745 2890 823 pians
2929 754 3270 819 tenemus,
3312 761 3401 804 ex
3447 760 3599 824 quo
3622 743 3949 826 suspicio,
3990 742 4200 808 fuisse

2708 865 2855 910 eam
2916 841 3118 906 filiam
3162 844 3346 929 leii
3404 842 3674 918 Criniti,
3731 843 3846 927 qui
3904 819 4203 908 Aurelia·

2708 967 2865 1008 num
2925 944 3295 1031 adoptavit,
3352 965 3477 1030 qua
3540 945 3653 1007 de·
3684 943 4042 1030 adoptione
4098 966 4206 1010 co·

2708 1047 2896 1131 piose
2930 1048 3069 1123 agit
3099 1046 3448 1164 Vopiscus.
3494 1046 3599 1108 De
3621 1049 3807 1110 annis
3824 1048 3938 1117 Vl.
3968 1060 4039 1110 et
4052 1048 4203 1115 vn

2711 1169 2876 1234 ques
2934 1148 3006 1210 hi
3061 1148 3246 1210 numi
3305 1149 3581 1225 sistunt,
3652 1148 3838 1225 vide,
3913 1167 4088 1234 quae
4137 1148 4201 1211 in

2707 1249 3048 1314 Aureliani
3081 1263 3347 1313 moneta
3380 1249 3672 1327 adverti,
3715 1269 3851 1335 quo
3885 1250 4040 1315 loco
4071 1271 4205 1313 mo·

2702 1350 2821 1413 nui
2849 1351 3088 1423 etiam,
3131 1370 3266 1414 non
3310 1347 3539 1414 haberi
3579 1363 3801 1415 certos
3844 1351 4199 1423 Severiuae

2708 1470 2945 1534 numos
2981 1470 3133 1516 cum
3164 1452 3353 1516 annis
3392 1447 3562 1521 aliis.

2393 1835 2522 1899 PB
2542 1839 2602 1899 Ε
2624 1838 2727 1900 TI
2743 1838 2907 1901 VM.

1680 1955 1892 2021 Aurei
2026 1994 3239 2023 ............
3321 1954 3532 2021 mm.

1678 2056 2009 2140 Argentes
2137 2095 3239 2126 ...........
3325 2056 3414 2123 Ο.

1678 2155 1895 2218 Aenei
1938 2157 1968 2216 1
1971 2197 3240 2227 .............
3322 2161 3536 2225 ΒΒΒ.

1680 2244 1891 2320 Δόιιοί
1941 2258 2024 2319 11.
2145 2297 3242 2329 ...........
3322 2264 3411 2326 Β.

1683 2356 1895 2419 Aenei
1937 2359 2032 2419 111
2038 2398 3234 2428 ............
3319 2363 3396 2427 C.

1685 2457 2116 2521 Alexandrini
2250 2499 3239 2530 ..........
3323 2465 3408 2528 R.

1995 2777 2581 2843 PRINCIPES
2659 2775 3273 2845 PALMYBAE.

1207 2974 1514 3042 Gallieno
1544 2973 1912 3059 imperante
1947 2972 2116 3038 vidit
2142 2974 2390 3041 Oriens
2407 2975 2591 3060 prin·

1009 3141 1020 3148 ,
1082 3081 1304 3167 cipes,
1347 3076 1463 3164 qui
1495 3092 1630 3139 non
1667 3069 1947 3139 'aliorum
1995 3076 2138 3161 ejus
2175 3078 2406 3143 aetatis
2447 3063 2596 3141 md

1069 3177 1158 3247 're
1200 3201 1325 3267 per
1382 3177 1606 3244 scelus
1664 3176 2016 3262 imperium
2060 3180 2405 3253 invasere,
2464 3178 2587 3242 sed

1082 3285 1367 3372 primum
1423 3284 1639 3345 Roma
1695 3280 1842 3364 ipsa
1915 3279 2359 3364 approbante,
2427 3301 2584 3343 mox

1039 3447 1048 3456 ,
1084 3384 1282 3449 etiam
1328 3380 1724 3445 connivente
1782 3380 2065 3464 Augusti
2123 3382 2389 3445 titulum
2434 3381 2585 3465 jure

1055 3483 1384 3572 stennon.
1435 3481 1692 3542 Eorum
1722 3478 1917 3544 sedes
1935 3482 2283 3563 Palmyrae
2312 3481 2438 3545 fuit
2478 3502 2585 3546 re·

1080 3584 1300 3672 giouis
1345 3578 1760 3664 cognominis
1796 3580 1961 3643 urbe
2004 3580 2343 3666 principe
2334 3601 2581 3645 versus

1071 3684 1491 3778 Euphratem
1521 3680 1713 3747 sitae.
1769 3685 2106 3768 Magnam
2105 3703 2361 3747 eorum
2354 3681 2579 3746 fuisse

1076 3785 1476 3875 potentiam,
1538 3796 1927 3868 argumento
1989 3788 2126 3860 est,
2185 3783 2366 3869 quod
2419 3786 2581 3846 Per·

1074 3890 1243 3956 siam
1284 3888 1495 3972 ipsam
1535 3896 1800 3949 terrore
1845 3884 2314 3968 complevere,
2358 3903 2436 3948 ac
2468 3886 2580 3949 de-

1076 3988 1237 4053 inde
1275 4008 1431 4054 cum
1471 3986 1789 4052 Romanis
1830 3985 1991 4072 ipsis
2033 3985 2375 4072 congressi
2415 4008 2579 4051 non-

2698 2990 2842 3040 tum
2902 2974 3605 3041 ex·suhstructionum
3664 2979 4203 3066 Palmyrenorum

2697 3077 3034 3165 hodieque
3065 3077 3490 3174 superstitum
3509 3080 3853 3167 stupendis
3879 3084 4199 3171 reliquiis,

2699 3200 2861 3264 quas
2907 3178 3272 3244 delineatae
3316 3179 3467 3245 vide
3511 3184 3593 3247 ab
3643 3184 3926 3249 eruditis
3968 3186 4202 3271 Anglis

2696 3279 3014 3345 Daivkins
3073 3293 3145 3344 et
3186 3281 3415 3352 Wood
3471 3299 3626 3350 ante
3666 3305 3876 3352 annos
3928 3279 4240 3353 circiter'

2694 3383 2776 3448 L.
2821 3382 2955 3446 huc
2996 3380 3343 3466 profectis.

2823 3486 3077 3548 Eorum
3108 3504 3220 3547 res
3258 3499 3477 3570 gestas
3509 3485 3928 3572 descripsere
3967 3508 4055 3555 ox
4098 3507 4205 3556 ve·

2650 3629 2666 3644 .
2695 3583 2951 3649 teribus
2991 3586 3297 3650 Zosimus
3325 3585 3393 3670 b)
3413 3633 3433 3668 ,
3492 3589 3876 3654 Trebellius
3902 3591 4007 3680 θ),
4070 3592 4203 3660 Vo-

2697 3686 2917 3771 piscus
2946 3684 3053 3769 d),
3115 3691 3406 3778 Zonaras
3436 3694 3540 3769 ⁶),
3582 3689 4012 3777 minoresque
4062 3687 4196 3772 alii,

2701 3786 2819 3849 sed
2851 3802 3040 3853 sueto
3060 3789 3271 3873 hujus
3304 3791 3451 3854 aevi
3483 3792 3917 3877 scriptoribus
3951 3792 4203 3859 dissen-

2700 3908 2815 3964 su,
2861 3910 2994 3973 quo
3036 3888 3320 3967 factum,
3363 3906 3439 3956 ut
3481 3896 3760 3959 multum
3808 3898 4066 3981 negotii
4110 3896 4200 3961 fa-

2695 4004 3038 4055 cesserent
3079 3989 3594 4071 eruditis,'cum
3626 4014 3860 4061 eorum
3903 3999 4201 4065 testimo·

1073 4091 1205 4156 nisi
1244 4106 1449 4175 aegre
1488 4087 1650 4154 iricti
1691 4100 1870 4153 sunt.
1925 4087 2180 4150 Eorum
2204 4081 2371 4155 vero
2412 4107 2576 4175 opes
2686 4091 2797 4156 nia
2841 4112 2993 4156 cnm
3037 4092 3257 4156 numia
3316 4093 3558 4160 horum
3618 4098 3993 4184 principum
4036 4120 4197 4165 con·

1075 4189 1471 4261 domesticas
1500 4207 1578 4256 ae
1604 4186 2157 4274 magnificentiam
2195 4189 2575 4276 colligimus
2685 4191 3058 4258 tenderent.
3159 4194 3252 4262 Vt
3320 4199 3721 4265 remotiores
3792 4199 4193 4276 'fristunam

1077 4313 1164 4363 ex
1204 4291 1534 4382 vopisco,
1592 4303 1994 4377 reportatam
2052 4292 2224 4359 victa
2280 4290 2573 4355 Zenobia
2687 4293 3154 4380 spanhemium
3176 4339 3197 4374 ‚
3242 4299 3654 4364 Harduinum
3675 4344 3695 4378 ,
3759 4300 4193 4376 Bandnrinm,

1077 4397 1315 4465 avitam
1358 4394 1673 4480 praedam
1717 4392 1993 4478 copiose
2036 4392 2457 4460 describente
2484 4394 2570 4474 ι),

2690 4397 3117 4462 Vaillantium
3153 4394 3246 4484 ἕ),
3308 4400 3745 4467 Santinellum
3791 4402 3857 4486 ε)
3917 4415 4196 4479 taceam,

1107 4539 4173 4574 m

1160 4631 1217 4700 a)
1257 4628 1318 4685 in
1357 4622 1701 4688 Aureliano.
1845 4621 1913 4689 b)
1953 4622 1998 4679 L
2050 4621 2094 4681 1.

2257 4624 2318 4694 c)
2364 4621 2424 4679 in
2460 4620 2749 4683 Gailienis
2771 4667 2788 4694 ‚
2826 4629 3158 4702 Tyr-annis,
3198 4627 3473 4688 Claudio.

1091 4722 1155 4792 e)
1194 4716 1256 4775 iu
1296 4713 1612 4803 Annalib3
1687 4710 1742 4787 l)
1780 4714 1955 4772 Mem.
1982 4714 2051 4774 B.
2083 4713 2148 4772 1..
2171 4713 2247 4773 .Τ.
2279 4712 2352 4772 11.
2386 4732 2449 4791 p.
2481 4720 2606 4780 533.

3636 4630 3707 4702 d)
3752 4631 3815 4689 in
3849 4633 4190 4695 Aureliano-

2728 4719 2798 4793 ς)
2814 4717 3115 4781 Rauenna
3148 4718 3208 4777 di
3246 4718 3537 4801 Calogera
3570 4723 3639 4781 T.
3678 4721 3782 4784 lx.
3812 4744 3873 4802 p.
3900 4737 3993 4799 95.
