4475 5584
992 491 1135 564 1238

990 661 1358 741 imperante
1417 638 1778 728 repressis,
1840 632 1954 719 qui
2003 628 2085 691 ad
2123 620 2338 689 Albim
2374 620 2492 681 ha·

990 757 1304 828 hitabant,
1343 748 1574 813 Caucis
1595 739 2005 809 consulatum
2033 726 2305 800 meruit,
2343 720 2495 784 sub-

992 859 1148 925 inde
1209 849 1543 918 Pertinaci
1586 846 1651 906 in
1717 836 2008 923 regenda
2060 830 2281 893 Africa
2350 842 2493 886 suc-

999 959 1200 1028 cessit
1231 957 1310 1037 ⁸).
1391 956 1672 1015 Romam
1729 949 2075 1004 revocatus
2123 928 2498 1016 praefectu-

999 1061 1141 1127 ram
1198 1056 1473 1140 vigilum
1522 1050 1697 1132 egit,
1758 1060 1890 1126 quo
1934 1050 2234 1118 tempore
2292 1031 2498 1111 impe·

996 1163 1184 1226 rabat
1221 1154 1532 1221 Pertinax
1562 1150 1655 1227 b).
1745 1145 1896 1203 Hoc
1950 1160 1987 1200 a
2062 1128 2497 1218 praetorianis

894 1313 901 1322 -
1003 1281 1236 1337 caeso,
1293 1275 1443 1320 cum
1493 1251 1564 1311 hi
1602 1243 1831 1310 castris
1882 1239 2015 1302 suis
2057 1234 2264 1330 clausi
2324 1232 2500 1295 clara

1005 1385 1090 1430 ex
1144 1355 1488 1424 moenibus
1538 1368 1701 1414 voce
1747 1341 1978 1408 venale
2015 1335 2366 1420 imperium
2417 1329 2502 1404 ei,

1007 1465 1121 1555 qui
1177 1463 1326 1548 plus
1378 1453 1828 1541 promitteret,
1908 1440 2261 1508 offerrent,
2327 1431 2505 1505 viris,

1009 1573 1333 1655 quotquot
1382 1556 1613 1628 fuere,
1675 1544 2054 1620 ,clarissimis
2117 1558 2260 1601 eam
2322 1535 2508 1619 igno·

1008 1667 1274 1732 miniam
1312 1653 1800 1724 aversantibus,
1847 1645 2189 1727 instigatus
2235 1655 2506 1699 suorum

1012 1785 1208 1834 suasu
1275 1760 1562 1824 lulianus
1617 1750 1939 1823 adcurrit,
2015 1758 2081 1805 et
2127 1753 2310 1802 extra
2374 1737 2507 1799 val-

1010 1874 1152 1935 l'um
1177 1862 1374 1929 liceri
1407 1878 1541 1920 non
1576 1849 1907 1917 erubescit
1939 1856 2164 1908 contra
2205 1837 2505 1902 Flavium

1019 2295 1141 2338 nus
1164 2318 1181 2347 ,
1216 2265 1438 2331 ‘scalis
1490 2254 1788 2321 demissis
1840 2264 2149 2334 receptus
2185 2247 2254 2308 in
2287 2257 2518 2315 castra,

1023 2375 1415 2460 agnitusque
1474 2363 1865 2444 imperator,
1946 2367 2013 2414 et
2068 2347 2518 2434 praetoriano-

1021 2497 1171 2540 rum
1215 2471 1486 2552 stip‘atus
1519 2484 1711 2525 manu
1754 2461 1819 2519 in
1854 2467 2148 2518 senatum
2188 2449 2516 2510 'deductus

1026 2591 1148 2643 est.
1216 2575 1303 2638 At
1343 2566 1626 2655 populus
1665 2581 1796 2622 non
1838 2558 2051 2619 minus
2098 2551 2300 2615 caede
2352 2545 2517 2608 indi-

1027 2701 1154 2765 gna
1181 2670 1546 2738 Pertinacis
1567 2711 1585 2740 ‚
1644 2683 1836 2749 quam
1866 2669 2136 2720 recente
2168 2650 2371 2734 empti
2411 2650 2528 2709 im-

1026 2777 1199 2865 perii
1220 2771 1622 2857 turpitudine
1652 2765 1945 2828 irritatus
1966 2755 2207 2843 apertis
2241 2754 2528 2837 primum

1031 2877 1349 2945 conviciis
1406 2892 1650 2937 novum
1698 2868 2100 2949 Augustum,
2176 2853 2416 2918 deinde
2461 2864 2531 2913 et

1028 2980 1319 3066 lapidum
1372 2975 1549 3059 jactu
1603 2970 1824 3052 coepit
1867 2966 2227 3046 impetere,
2312 2971 2528 3039 neque

1032 3097 1407 3165 temperare
1457 3074 1619 3148 sibi,
1678 3088 1806 3155 quo
1842 3065 2053 3127 minus
2089 3055 2529 3121 Pescennium

1035 3185 1313 3266 Nigrum
1352 3176 1579 3257 Syriae
1614 3185 1753 3232 tum
1789 3164 2163 3248 impositum
2197 3173 2531 3221 rectorem

1041 3284 1124 3354 ad
1188 3278 1534 3365 imperium
1592 3272 2003 3354 deposceret.
2108 3262 2250 3355 Qua
2305 3257 2531 3342 populi

1044 3384 1387 3454 aversione
1443 3373 1706 3458 cognita
1738 3371 2102 3450 Augustum
2156 3381 2225 3421 se
2268 3358 2534 3443 quidem

1040 3478 1437 3572 proclamari
1487 3499 1523 3538 a
1554 3473 1687 3535 suis
1713 3488 1939 3553 passus
1978 3478 2079 3527 est
2109 3459 2536 3531 Pescennius»,

1042 3604 1108 3652 at
1157 3606 1302 3648 cum
1352 3576 1651 3663 ignavius
1700 3568 1950 3654 coeptis
1988 3565 2360 3638 insisteret,
2421 3559 2538 3621 Se·

1043 3707 1242 3754 verus
1314 3679 1689 3746 Pannoniae
1754 3688 1890 3735 tum
1955 3667 2329 3753 praefectus
2383 3681 2536 3746 per·

1047 3802 1269 3874 specta
1304 3803 1572 3847 suorum
1598 3759 1934 3842 voluntate
1951 3767 2229 3854 Augusti
2249 3764 2537 3826 honores

1044 3889 1327 3962 invadit,
1402 3883 1730 3965 rebusque
1782 3874 2080 3937 omnibus
2149 3862 2540 3949 comparatis

1044 3996 1177 4057 iter
1229 3993 1295 4052 in
1344 3986 1591 4049 Italiam
1633 3978 1914 4061 impigre
1965 3969 2353 4057 ingreditur.
2439 3967 2540 4026 Re

1048 4093 1388 4158 intellecta
1424 4084 1710 4150 Iulianus
1763 4079 2083 4139 Severum
2120 4075 2377 4135 hostem
2436 4088 2544 4152 pa·

1050 4199 1216 4261 triae
1263 4216 1298 4256 a
1352 4201 1578 4253 senatu
1632 4179 1909 4267 judicari
1956 4177 2174 4260 jubet,
2253 4170 2371 4234 sed
2429 4166 2548 4230 mi·

1054 4301 1182 4362 nus‘
1203 4295 1284 4359 ad
1316 4286 1750 4356 resistendum
1782 4294 2125 4365 promptos
2157 4273 2406 4360 reperit
2431 4271 2549 4332 mi-

1056 4403 1246 4474 lites,
1292 4392 1528 4480 partim
1543 4405 1812 4471 aegros,
1847 4381 2055 4465 quod,
2098 4400 2293 4464 quam
2324 4387 2554 4457 pactus

1060 4515 1207 4565 erat
1238 4500 1308 4561 in
1357 4491 1623 4577 imperii
1658 4476 1990 4570 emptione
2044 4500 2360 4546 summam
2402 4496 2550 4562 per-

1981 433 2408 521 mmvs
2492 385 3100 549 'IVLIans

2607 615 2868 677 solvere
2936 608 3225 685 distulit,
3318 602 3554 690 partim
3623 594 3802 685 quod
3865 593 4110 659 insueti

2608 717 2777 789 otio,
2819 734 2896 776 ac
2919 711 3215 796 ignaviae
3249 702 3568 789 congredi
3597 721 3746 764 cum
3780 698 3946 761 duro
3986 700 4108 761 Se·

2611 817 2755 880 veri
2783 814 3006 876 milite
3045 832 3175 874 non
3228 808 3565 872 auderent.
3639 804 3894 864 Severo
3934 798 4104 861 inte-

2613 937 2730 979 rea
2780 918 2930 978 urbi
2966 915 3348 976 imminente
3384 908 3466 969 ad
3511 899 3771 967 mitiora
3813 901 4108 984 compul-

2616 1040 2724 1080 sus
2755 1017 3025 1081 consilia
3062 1011 3434 1095 impetravit
3469 1005 3734 1093 quidem
3777 1025 3814 1065 a
3854 1014 4109 1077 senatu,

2613 1133 2686 1182 ut
2745 1117 3073 1202 particeps
3127 1115 3359 1177 saltem
3421 1108 3681 1193 imperii
3746 1104 4107 1176 diceretur,

2617 1235 2682 1284 at
2727 1241 2882 1282 mox
2931 1215 3268 1281 conversis
3311 1212 3599 1275 omnium
3648 1211 3716 1272 in
3775 1211 4099 1274 Severum

2615 1322 2852 1384 animis
2899 1320 3100 1382 misso
3132 1341 3167 1380 a
3218 1315 3513 1400 patribus
3553 1311 3875 1376 militeab
3909 1308 4116 1372 omni-

2620 1424 2742 1485 bus
2770 1424 3069 1486 desertus
3099 1422 3162 1486 in
3185 1418 3427 1504 palatio
3459 1417 3887 1479 obtruncatur
3919 1409 4025 1472 die
4065 1410 4117 1470 1.

2621 1527 2752 1592 vel.
2788 1528 2867 1588 11.
2923 1523 3092 1587 lunii
3121 1524 3200 1589 V.
3245 1522 3316 1583 C.
3353 1516 3476 1602 946
3508 1539 3590 1581 ex
3625 1513 3945 1579 sententia
3981 1510 4122 1573 'ril-

2623 1626 2924 1690 lemontii
2960 1627 3035 1706 τ).
3088 1626 3342 1705 Corpus
3382 1620 3525 1699 ejus
3565 1642 3599 1681 a
3635 1620 3884 1681 Severo
3919 1610 4124 1696 uxori

2627 1728 2982 1793 Scantillae
3031 1726 3114 1788 ad
3153 1723 3558 1807 sepulturam
3604 1733 3706 1782 est
3765 1714 4125 1788 redditum,

2624 1848 2691 1893 et
2747 1833 2812 1891 in
2865 1830 3094 1913 proavi
3160 1836 3583 1887 monumento
3644 1819 3748 1883 via
3795 1816 4121 1879 Lavicana

2491 1936 2507 1951 ⁶
2599 1932 2982 1995 -conditum.
3055 1928 3236 1998 Vixit
3281 1923 3639 1989 secundum
3680 1920 3968 1982 Dionem
4011 1936 4128 1979 an-

2628 2055 2750 2095 nos
2783 2035 2924 2096 Lx.
2987 2049 3247 2093 menses
3292 2030 3402 2094 IV.
3460 2025 3600 2085 dies
3664 2020 3976 2095 totidem,
4041 2036 4130 2079 ex

2632 2134 2867 2219 quibus
2953 2132 3300 2216 imperavit
3375 2128 3515 2190 dies
3541 2125 3780 2190 LXVI.
3888 2119 4122 2186 Fuisse

2637 2257 2788 2297 eum
2823 2237 3013 2319 ‘juris
3079 2232 3581 2316 peritissimum,
3664 2225 3841 2287 inter
3901 2239 4134 2284 omnes

2632 2352 2907 2402 constat.
2986 2334 3365 2419 Spartianus
3397 2327 3892 2415 parsimoniam,
3941 2325 4137 2385 mites

2636 2460 2893 2514 mores,
2955 2439 3242 2521 aliasque
3294 2434 3571 2501 virtutes
3606 2431 3671 2491 in
3728 2446 3808 2489 eo
3860 2424 4136 2508 deprae-

2639 2541 2848 2616 dicat,
2906 2553 2971 2600 at
3008 2541 3137 2601 Dio
3167 2537 3308 2619 ejus
3336 2537 3507 2600 vitae
3543 2531 3736 2594 testis·
3758 2530 3936 2612 ipse,
3981 2540 4125 2587 tum

2641 2658 2708 2705 et
2754 2641 3174 2704 Herodianus
3254 2648 3641 2719 coopertum
3698 2631 3875 2695 vitiis
3950 2627 4140 2703 adse-

2640 2757 2817 2809 runt.
2866 2745 3061 2805 Certe
3097 2738 3275 2825 quod
3309 2758 3442 2800 non
3471 2734 3771 2807 erubuit,
3815 2729 4000 2793 nullo
4031 2749 4144 2790 an-

2642 2848 2834 2911 tehac
2868 2844 3008 2927 ejus
3035 2840 3380 2904 dedecoris
3416 2835 3756 2919 exemplo,
3803 2829 4141 2915 emptione

2642 2949 2905 3035 publica
2955 2945 3250 3027 arripere
3299 2939 3687 3025 imperium,
3762 2946 4146 3015 tantumque

2648 3053 2893 3115 offerre
2926 3045 3280 3131 pecuniae,
3341 3055 3651 3126 quantum
3692 3023 3909 3120 neque
3956 3027 4150 3117 prae-

2649 3170 2822 3218 stare
2866 3171 2988 3235 per
3023 3167 3134 3220 se,
3194 3163 3409 3228 neque
3447 3160 3567 3224 per
3600 3138 3984 3202 exhaustum
4040 3154 4150 3196 ae·

2647 3255 2892 3317 rai-ium
2943 3252 3192 3333 potuit,
3252 3246 3406 3308 satis
3462 3262 3585 3326 per
3642 3261 3713 3303 se
3764 3237 4144 3308 scelestum,

2644 3362 3080 3444 dignumque,
3125 3369 3324 3438 quem
3358 3358 3585 3408 nactus
3624 3354 3762 3418 est,
3825 3339 4010 3403 exitu
4053 3337 4148 3400 vi-

2654 3486 2794 3528 sum
2835 3469 2955 3524 est.

2777 3564 2963 3630 onr
2995 3557 3247 3621 Manlia
3276 3550 3635 3624 Scantilla,
3683 3544 3765 3608 de
3795 3565 3923 3630 qua
3952 3539 4148 3602 infra.

3017 3784 3093 3844 V.
3143 3781 3210 3842 C.
3251 3781 3400 3841 946.
3443 3775 3514 3835 P.
3559 3773 3645 3834 Χ.
3695 3776 3832 3833 193.

3051 3949 3175 4011 ΤΒ.
3222 3946 3291 4004 Ρ.
3342 3941 3519 4002 coS.
3563 3941 3640 4002 P.
3685 3940 3774 3999 M.

2659 4163 2737 4226 A.
2973 4148 3159 4215 IMP.
3204 4143 3425 4209 CAES
3467 4141 3562 4208 M.
3603 4138 3786 4203 Dm.
3831 4133 4158 4206 IVLIAN.

2965 4250 3171 4320 AVG.
3262 4251 3464 4328 Caput
3503 4247 3864 4306 laureatum
3907 4241 3979 4302 in
4009 4240 4161 4300 AV.

2983 4356 3162 4429 Aa„
3207 4353 3534 4413 radiatum
3578 4349 3649 4406 in
3691 4347 3840 4405 ΑΕ.
3878 4343 3967 4403 ΙΙ.

2667 4475 2750 4534 Β,
2986 4458 3164 4520 ῙΜΡ.
3214 4450 3457 4517 CAES.
3503 4450 3594 4510 M.
3627 4444 3809 4508 Dm.
3842 4441 4159 4512 SEVER.

1066 4618 4162 4699 ΝΜ..

1136 4778 1197 4847 a)
1236 4767 1532 4849 spartian.
1733 4759 1805 4832 b>
1844 4745 2052 4816 Victor
2092 4753 2153 4810 in
2194 4751 2394 4839 Caess.

1456 4951 1493 4970 Ἣ..

2586 4747 2646 4818 c)
2684 4743 2851 4799 Tom.
2888 4733 2990 4794 111.
3027 4732 3182 4792 Part.
3217 4726 3264 4785 1.
3306 4744 3365 4802 p.
3404 4691 3494 4788 36..
