4475 5584
1517 462 2230 545 SALONINVS.

319 647 624 732 inquam,
688 664 840 707 eum
899 663 1031 706 non
1092 651 1127 706 a·
1184 655 1373 727 patre
1434 646 1809 719 Valeriano,

324 749 443 813 sed
511 740 717 810 fratre
780 744 1084 833 Gallieno
1159 764 1447 807 summos
1522 747 1809 809 honores

295 851 758 924 adsecutum,
816 861 882 910 et
941 847 1205 931 quidem
1257 848 1570 910 »Caesaris
1636 850 1811 935 cit-ca

321 973 557 1016 annum
602 953 679 1011 P.
711 951 792 1010 X.
822 949 979 1020 260,
1013 949 1305 1031 'Augusti
1352 949 1526 1011 circa
1571 972 1808 1013 annum

320 1057 395 1117 P.
439 1053 519 1115 X.
569 1051 712 1125 264.
799 1053 982 1134 Ergo
1028 1063 1236 1112 totum
1282 1063 1574 1133 tempus,
1617 1053 1812 1137 qnod

320 1155 458 1218 sive
503 1155 776 1229 Caesar,
839 1153 990 1215 sire·
1032 1153 1365 1237 Angustus
1425 1152 1681 1235 exegit,
1742 1155 1809 1239 ἰμ

320 1255 608 1321 Gallieni
674 1267 953 1318 aetatem
1015 1252 1207 1316 cadit.
1293 1252 1477 1316 Haec
1539 1255 1596 1315 si
1655 1275 1809 1319 vera

319 1370 506 1435 sunt,
562 1372 761 1418 nemo
805 1353 967 1430 erit,
1028 1355 1141 1441 qui
1184 1376 1316 1417 non
1360 1355 1442 1418 ab
1487 1357 1629 1435 ejus
1674 1379 1813 1419 mo·-

316 1473 469 1521 neta
508 1457 801 1541 ejusdem
841 1457 1106 1543 generis
1142 1470 1330 1539 typos
1370 1457 1626 1541 exigat,
1672 1459 1813 1542 qui-

314 1557 441 1621 bus
485 1559 776 1642 insignes
819 1559 1010 1623 suere
1052 1559 1238 1621 numi
1268 1559 1555 1621 Gallieni
1579 1560 1813 1622 -conle-

319 1680 463 1746 gae.
505 1660 864 1740 Novimus,
910 1674 1102 1725 vetus
1139 1652 1362 1723 ¹fuisse
1402 1660 1807 1737 institutum,

289 1758 389 1826 'ut
420 1764 854 1846 imperatores
891 1777 1084 1846 typos
1130 1782 1283 1826 suos
1320 1784 1468 1825 cum
1509 1762 1809 1846 conlegis

309 1865 657 1947 Augustis,
717 1879 827 1928 aut
885 1861 1040 1925 filiis
1085 1863 1484 1927 Caesaribus
1517 1884 1807 1926 commu·-

313 1968 648 2042 nicarent,
696 1965 903 2051 quod,
950 1966 1190 2051 quippe
1226 1964 1553 2027 tironibus
1585 1966 1807 2047 cogni-

309 2082 474 2145 tum,
509 2070 831 2153 exemplis
858 2066 1151 2131 stabilite
1183 2067 1607 2150 supersedet),
1638 2085 1804 2150 quae

311 2171 506 2238 obvia
550 2184 700 2233 sunt
743 2184 893 2233 ante
938 2184 1006 2234 et
1045 2182 1196 2255 post
1230 2166 1519 2231 Gallieni
1548 2184 1808 2232 aevum.

306 2273 628 2337 Novimus
660 2272 881 2348 etiam,
916 2271 983 2335 in
1020 2271 1323 2335 universa
1352 2269 1635 2332 Gallieni
1668 2289 1806 2330 mo·

307 2385 463 2436 neta
519 2393 698 2448 esse,
755 2387 1065 2457 quantum
1123 2372 1192 2434 in
1236 2371 1482 2434 nullius
1523 2373 1803 2457 impera-

307 2474 511 2553 toris,
555 2474 828 2550 miram,
885 2482 1161 2559 eainque
1201 2495 1333 2536 non
1376 2474 1803 2556 injucundam·

308 2589 620 2661 typorum
659 2577 1039 2641 varietatem
1060 2620 1092 2654 ,.
1139 2576 1509 2659 horumque
1554 2576 1797 2637 multos

306 2676 526 2743 adhuc
565 2679 943 2765 incognitos
982 2695 1359 2763 novosque,
1421 2675 1797 2762 propositos

304 2780 630 2865 majorum
691 2782 985 2866 gentium
1042 2780 1201 2843 deos
1245 2776 1640 2862 plerosque;
1702 2777 1798 2839 le-

306 2884 576 2970 giones,
618 2882 898 2948 virtutes
934 2892 1059 2946 etc.
1106 2877 1432 2976 Quoniam
1472 2878 1545 2939 id
1588 2897 1797 2963 genus

301 2985 443 3069 typi
501 3004 718 3068 neque
776 2986 845 3047 in
904 2982 1120 3046 numis
1176 2980 1514 3049 Valeriani
1566 2980 1794 3065 patris,

303 3107 521 3172 neque
562 3086 858 3149 Salonini
907 3083 1028 3147 filii
1077 3096 1494 3167 comparent,
1539 3081 1796 3144 indubi-

300 3201 505 3252 tatum
546 3204 686 3265 est,
727 3188 882 3250 illos
914 3199 1064 3271 post
1101 3185 1439 3268 utriusque
1475 3183 1787 3245 miserum

298 3287 504 3372 {atum
561 3289 863 3355 adhiberi
918 3299 1222 3370 coeptos,
1276 3305 1513 3369 nempe
1556 3285 1636 3346 ab
1682 3306 1792 3347 an-

295 3411 385 3455 no
426 3393 508 3461 V.
555 3392 627 3455 C.
661 3391 834 3454 ’1013
876 3391 953 3454 P.
995 3390 1083 3450 X.
1120 3385 1277 3460 260,
1324 3387 1392 3448 id
1437 3399 1537 3448 est
1580 3385 1660 3450 ab
1705 3404 1787 3448 eo

299 3505 634 3576 tempore,
686 3515 724 3557 a
783 3513 915 3579 quo
958 3490 1298 3554 Gallienus
1341 3487 1612 3551 fratrem
1658 3492 1799 3557 Va·-

291 3591 652 3669 larianum,
700 3605 770 3656 ut
811 3592 1032 3677 ajunt,
1073 3590 1201 3654 sibi
1236 3588 1528 3655 sociavit.
1574 3592 1784 3673 Ergo,

293 3692 592 3779 inquies,
648 3692 1009 3758 verisimile
1062 3705 1197 3768 est,
1256 3691 1531 3755 fratrum
1592 3707 1785 3777 types

296 3791 443 3859 foi-e
488 3778 892 3859 communes.
932 3794 1238 3859 Falleris.
1299 3792 1789 3888 Quantumcun-

297 3917 424 3981 que
467 3898 693 3973 voles,
751 3909 952 3965 totam
995 3894 1333 3964 Valeriani
1375 3896 1514 3959 sive
1560 3896 1792 3958 Caesa-

292 3997 420 4075 ris,
452 3998 593 4062 sive
621 3996 899 4082 Augusti
935 4011 1267 4059 monetam
1293 3995 1618 4070 lustrato,
1640 3995 1786 4056 nul-

289 4095 434 4161 lum
476 4118 562 4163 ex
602 4098 706 4161 his
749 4097 1049 4181 reperies
1083 4097 1314 4172 etiam,
1359 4098 1471 4182 qui
1503 4117 1636 4159 non
1673 4115 1784 4171 ex·

290 4211 496 4263 staret
561 4200 630 4264 in
705 4190 970 4262 moneta
1027 4197 1363 4268 Valeriani
1421 4198 1659 4284 patr-is,
1725 4197 1784 4258 si

283 4306 600 4382 ptincae‘pis
642 4303 1007 4388 ,iuventutis
1065 4319 1301 4362 numos
1362 4295 1620 4361 demas-
1678 4300 1781 4360 An

291 4420 423 4466 non
466 4402 587 4468 vel
622 4404 749 4467 hoc
791 4422 926 4465 nno
968 4401 1381 4464 manifestum
1427 4398 1532 4477 fit,
1588 4400 1784 4469 Vale-

3265 502 3437 573 ‚433

1927 653 2016 713 mi
2051 653 2219 717 intra
2275 678 2476 720 annos
2525 662 2788 723 omnino
2839 643 2988 727 octo
3036 658 3307 751 signati,
3355 684 3424 733 et

1927 755 2104 838 quod
2145 761 2601 843 consequitur,
2651 764 2819 825 mala
2853 761 3018 839 fide,
3067 788 3235 850 quae
3276 793 3425 832 usu·

1927 856 2269 939 cepionem
2322 880 2452 921 non
2505 863 2823 938 admittit,
2879 885 3234 951 occupasse
3279 873 3431 935 fun-

1928 955 2080 1018 dum
2125 960 2352 1044 nepoti
2392 961 2702 1040 Salonino
2751 966 2973 1051 inique
3025 967 3424 1055 ademptum.

1926 1058 2118 1121 Addo
2170 1062 2364 1143 hujus
2412 1068 2682 1129 naturae
2735 1084 3190 1150 argumentum
3228 1068 3425 1133 ‘aliud

1927 1163 2136 1223 multo
2201 1162 2696 1227 validissimum.
2785 1170 2945 1230 Cum
3019 1170 3150 1233 duo
3224 1168 3424 1236 simul
3494 1217 3503 1227 ·

1923 1261 2113 1323 fuere
2161 1265 2474 1346 Augusti,
2521 1262 2674 1327 inde
2725 1288 2758 1328 a
2807 1267 3057 1332 Severo
3105 1272 3167 1332 in
3217 1274 3422 1333 omni-

1924 1360 2046 1422 bus
2093 1364 2383 1454 aversis,
2441 1366 2763 1450 siquidem
2829 1369 2950 1433 hae
3008 1372 3269 1455 utrique
3314 1395 3426 1455 ap·

1924 1463 2158 1545 plicari
2191 1478 2504 1548 potuere,
2544 1468 2745 1531 scribi
2785 1473 3123 1535 consuevit
3158 1472 3424 1541 A-VGG.

1924 1586 2046 1646 pro
2080 1566 2284 1634 AVG.
2314 1569 2564 1636 Verum
2598 1569 2663 1630 iu
2694 1573 2909 1635 numis
2940 1574 3241 1636 omnibus
3271 1575 3425 1637 Gal·
3472 1620 3477 1631 .

1927 1665 2120 1740 lieni,
2164 1671 2247 1730 ex
2298 1689 2429 1752 quo
2473 1685 2659 1752 pater
2703 1674 3092 1740 Valerianus
3146 1689 3257 1737 aut
3306 1675 3419 1737 dea

1926 1769 2167 1845 cessit,
2234 1783 2345 1831 aut
2400 1772 2655 1856 negligi
2706 1775 2962 1859 coepit,
3040 1789 3417 1839 constanter

1921 1869 2124 1932 valuit
2171 1870 2457 1955 simplex·
2492 1875 2733 1951 AVG.,
2780 1877 2935 1959 quin
2983 1890 3050 1938 et
3091 1878 3158 1939 in
3199 1880 3419 1940 numis

1925 1966 2265 2034 numinum
2322 1975 2623 2036 omnibus
2670 1977 2999 2059 Iuppiter,
3061 1978 3421 2053 Hercules,

1920 2075 2284 2156 Neptunus,
2320 2075 2560 2159 aliique
2598 2075 3152 2142 CONSer-vatores
3178 2078 3414 2155 AVG.‚

1919 2189 2105 2239 certo
2141 2173 2419 2251 indicio,
2463 2178 2717 2238 nullum
2763 2190 2902 2239 tum
2947 2179 3183 2256 alium,
3227 2198 3414 2267 prae·

1891 2289 2234 2373 ¹terquam·
2255 2277 2663 2355 Gallienum,
2712 2278 3003 2361 agnitum
3048 2278 3253 2344 fuisse
3284 2284 3416 2344 Au·

1917 2379 2212 2462 gu‘stum.

2042 2483 2193 2542 Non
2236 2458 2452 2541 mimis
2497 2493 2691 2562 urget
2747 2494 3202 2564 atfflrmentum
3248 2484 3407 2546 alte·

1911 2602 2059 2643 rum
2148 2603 2184 2643 a
2268 2578 2484 2640 numi's
2568 2568 3068 2663 Alexandrinis,
3106 2584 3406 2668 petitum.

1914 2684 2123 2776 Quam
2171 2678 2400 2741 sedula
2447 2680 2573 2742 hoc
2610 2701 2772 2744 aevo
2819 2686 3160 2783 Aegyptus
3199 2683 3403 2747 fuerit

1908 2782 1977 2844 in
2039 2779 2402 2844 dedicanda
2460 2782 2866 2864 principibus
2925 2785 3060 2847 suis
3119 2802 3405 2863 moneta,

1906 2897 2150 2947 norunt
2203 2899 2428 2945 musea
2484 2882 2720 2944 omnia.
2763 2885 2978 2969 Atque
3024 2886 3132 2949 hic
3185 2888 3403 2959 adfec-

1906 2998 2015 3048 tus
2067 3006 2196 3047 non
2247 2981 2329 3046 ad
2374 2984 2553 3045 solos
2604 2997 2857 3046 tantum
2911 2990 3242 3073 Augustos
3298 3006 3404 3052 va·

1906 3085 2067 3162 luit,
2114 3083 2233 3149 sed
2283 3086 2598 3149 Caesares
2649 3085 2884 3163 etiam,
2929 3100 2997 3148 et
3046 3088 3220 3170 ipsas
3273 3092 3403 3152 An·

1906 3200 2147 3271 gustas.
2195 3185 2396 3251 obvii
2444 3205 2607 3269 ergo
2651 3201 2802 3250 sunt
2845 3169 3026 3249 numi
3063 3189 3398 3255 Valeriani

1905 3286 2185 3351 senioris
2230 3301 2297 3350 et
2342 3288 2668 3364 Gallieni,
2728 3288 2884 3372 quin
2930 3303 2998 3352 et
3047 3291 3400 3356 Saloninae

1885 3378 2025 3474 ¹'per
2071 3408 2302 3452 omnes
2343 3388 2489 3451 fere
2532 3409 2735 3452 annes
2778 3389 2957 3466 XV„
3002 3392 3238 3477 quibus
3284 3395 3404 3457 im·

1901 3491 2158 3574 peravit
2215 3489 2525 3567 maritus,
2587 3489 3027 3561 continuatam
3079 3492 3399 3560 babemus

1897 3603 2252 3655 monetam.
2303 3590 2607 3654 Salonini
2664 3593 2880 3670 numi,
2954 3607 3027 3658 ut
3086 3596 3393 3673 vidimus,

1898 3705 2176 3754 exstant.
2212 3709 2493 3778 quatuor
2559 3695 2759 3758 variis
2831 3696 3016 3759 annis
3075 3697 3387 3783 insignes.

1902 3791 2321 3857 soccessoris
2350 3795 2610 3859 Claudii
2640 3797 2820 3857 numi
2855 3796 2921 3857 in
2957 3798 3080 3861 hac
3116 3802 3394 3885 regione

1901 3893 2177 3977 signati,
2223 3896 2349 3956 etsi
2398 3894 2602 3958 breve
2648 3895 2773 3960 fuit
2824 3898 2967 3979 ejus
3015 3900 3393 3988 imperium,

1899 4006 2176 4076 propter
2230 3994 2484 4081 cppiam
2541 3996 2890 4081 vilescunt.
2977 4002 3160 4061 Inter
3230 4001 3394 4065 haec

1897 4095 2043 4180 quis
2075 4094 2201 4156 sibi
2231 4114 2361 4156 non
2392 4094 2849 4177 persuadebit,
2886 4099 3214 4184 parabiles
3245 4118 3392 4164 esse

1898 4195 2143 4258 debere
2193 4193 2525 4262 Valeriani
2574 4194 2850 4279 junioris
2898 4200 2967 4260 id
3016 4220 3226 4283 genus
3274 4224 3394 4264 nu-

1898 4316 2078 4371 mos,
2139 4294 2254 4379 qui
2298 4310 2449 4359 octo
2491 4296 2669 4381 ipsos
2713 4320 2914 4361 annos
2960 4321 3077 4363 seu
3122 4301 3385 4378 Caesar,

1898 4416 2015 4459 seu
2074 4396 2411 4478 Augustus
2486 4418 2778 4467 summac
2844 4401 2946 4463 rei
3022 4402 3388 4487 praefuisse

288 4507 543 4569 risuum
584 4524 719 4566 non
763 4500 969 4567 fuisse
1013 4508 1326 4569 sociatum
1362 4501 1780 4585 fratri,quo·
1891 4497 2154 4562 fertur?
2199 4500 2444 4561 Contra
2489 4499 2746 4589 accidit.
2794 4504 3061 4587 Ereptis
3105 4504 3389 4590 imperio

287 4609 462 4673 niam
493 4604 670 4669 istud
704 4625 837 4667 non
871 4618 1212 4689 cessarent
1243 4601 1630 4689 praedicare
1661 4625 1780 4665 nu·

488 4711 665 4789 (Vol.
718 4705 895 4790 VII.)

1889 4603 2176 4687 primum
2221 4599 2571 4678 Salonino,
2615 4596 2855 4665 deinde
2890 4604 3242 4671 Valeriano
3286 4626 3387 4671 se-
3448 4615 3505 4653 -·
3605 4662 3621 4677 ,

2850 4704 2984 4766 lii
