4475 5584
997 676 1272 762 ‘nomen
1314 694 1511 761 traxit
1569 716 1608 758 a
1649 706 1837 780 patre
1887 693 2043 757 Sex.
2083 691 2287 762 'Vario
2343 693 2519 756 Mar·

1031 797 1206 864 cello
1226 842 1245 874 ‚
1290 811 1363 860 ut
1386 796 1560 861 hunc
1591 796 1988 880 appellatum
2025 816 2223 879 supra
2256 815 2337 858 ex
2357 795 2518 858 Dio-

996 908 1149 976 'ne‚
1196 914 1264 963 et
1302 899 1769 983 epigrammate
1821 897 2104 981 bilingui
2153 896 2516 960 docuimus.

1022 1000 1251 1096 Quare
1281 1000 1451 1083 ratio
1477 1018 1611 1059 non
1642 1011 1744 1060 est
1776 996 2122 1063 adserendi
2159 1020 2306 1061 cum
2328 1000 2521 1061 Lam-

1021 1099 1244 1186 pridio
1287 1099 1387 1181 ⁸),
1433 1099 1500 1160 ei·
1552 1099 1682 1161 hoc
1729 1118 1967 1160 nomen
2001 1097 2221 1160 datum
2260 1098 2340 1160 ab
2372 1100 2514 1163 avia

1020 1201 1247 1269 Varia.
1321 1200 1555 1263 Fuisse
1608 1198 1765 1260 huic
1801 1201 1980 1262 aviae
2017 1219 2262 1262 nomen
2301 1203 2514 1263 Iuliae

988 1312 1001 1319 “
1026 1306 1320 1379 Maccus,
1366 1320 1448 1363 ex
1493 1299 1706 1362 numia
1737 1314 2025 1376 constat,
2070 1300 2336 1367 Variam
2369 1301 2515 1361 nul-

986 1403 1128 1468 '1u's
1170 1416 1514 1488 praeterea
1555 1399 1865 1485 prodidit.
1914 1400 2082 1461 Satis
2133 1420 2217 1462 ex
2253 1401 2357 1462 his
2402 1422 2513 1484 ap-
2557 1428 2562 1435 ·

1019 1518 1251 1591 paret,
1296 1504 1365 1564 in
1415 1501 1608 1584 nugis
1652 1499 2061 1578 habendum,
2108 1501 2288 1587 quod
2330 1502 2510 1565 idem

1023 1618 1253 1671 auctor
1296 1623 1527 1688 parum
1585 1615 1928 1667 emunctae
1974 1602 2150 1665 naris
2217 1623 2302 1665 ex
2350 1603 2512 1666 alio·-

992 1705 1169 1771 'rum
1198 1703 1519 1769 sententia
1562 1702 1808 1780 refert,
1853 1704 2061 1768 fuisse
2087 1724 2325 1788 nempe
2359 1706 2514 1766 Ela-

1023 1807 1330 1892 gabalum
1402 1802 1650 1867 dictum
1726 1810 2023 1881 Varium,
2086 1805 2266 1889 quod
2325 1811 2508 1870 vario

1021 1908 1311 1993 semine,
1357 1905 1438 1968 de
1473 1907 1823 1969 meretrice
1861 1919 2111 1990 utpote,
2158 1920 2516 1990 conceptus

992 2004 1483 2086 'videretur,¹’).
1529 2006 1834 2071 obtinuit
1860 2006 2044 2073 Varii
2079 2025 2353 2082 nomen,
2400 2005 2515 2067 do-

985 2124 1153 2175 'nec
1204 2107 1529 2170 illustrius
1594 2107 1906 2169 ‘Antonini
1973 2124 2291 2190 usurpare
2352 2105 2513 2169 inci·

990 2216 1254 2299 peret,
1300 2224 1365 2271 at
1402 2208 1535 2271 hoc
1577 2220 1728 2290 post
1762 2206 1902 2288 ejus
1940 2226 2171 2283 necem
2225 2227 2307 2270 ex
2338 2208 2405 2271 S.
2438 2210 2508 2272 C.

988 2324 1216 2376 ‘eraso
1265 2310 1507 2395 iterum
1567 2307 1804 2375 Varius
1864 2308 2087 2371 vocari
2154 2309 2376 2392 coepit
2422 2310 2510 2388 ⁰).

1018 2416 1290 2478 Avitum
1353 2409 1698 2496 aliquoties
1755 2426 1944 2473 vocat
2004 2405 2137 2469 Dio
2183 2404 2287 2484 d),
2352 2408 2508 2493 quin

1020 2529 1091 2579 et
1114 2512 1491 2597 xiphilinus
1523 2511 1580 2593 ι’)
1600 2556 1629 2587 ,,
1664 2509 1781 2572 sed
1813 2509 1879 2572 in
1909 2507 2038 2593 quo
2076 2522 2387 2592 corrupte
2418 2508 2512 2570 le*-

1019 2614 1236 2701 giturx
1281 2634 1383 2676 vo»
1397 2605 1634 2673 Λουπον
1665 2629 1766 2671 τοι
1798 2631 1909 2684 της
1934 2605 2207 2683 Maurus
2235 2606 2514 2693 ε’«γεγονον,

1011 2716 1305 2779 librariis
1373 2733 1583 2799 prono
1645 2730 1874 2773 errore
1933 2704 2338 2774 AOTHON
2388 2731 2511 2794 pro

1016 2813 1449 2881 AOTITON
1495 2812 1905 2899 legentibus,
1953 2813 2130 2897 quod
2174 2836 2210 2876 a
2244 2812 2510 2873 nemine

990 2919 1234 2984 -adhuc
1303 2917 1827 2980 animadversum
1890 2913 2155 2977 tandem
2216 2913 2509 2977 suboluit

1021 3021 1295 3106 egregio
1343 3021 1653 3081 Reimaro
1701 3018 1783 3079 ad
1833 3037 2053 3078 sanam
2100 3015 2300 3077 crisin
2353 3024 2507 3075 nato

984 3143 993 3151 ·
1016 3121 1329 3206 factoque
1357 3119 1439 3201 s).
1481 3123 1790 3182 Tracturn
1812 3115 1987 3179 istud
2024 3135 2265 3179 nomen
2283 3114 2364 3177 ab
2385 3133 2506 3177 avo

979 3223 1248 3298 'Avito,
1323 3219 1603 3282 diximus
1676 3238 1872 3298 supra
1944 3217 2015 3278 in
2081 3217 2510 3300 diagramma·

994 3334 1108 3392 ‚te‘
1138 3320 1608 3407 genealogice,
1668 3318 1891 3381 valere
1938 3317 2320 3393 autemab⁴
2353 3317 2509 3378 Ela-

1022 3423 1259 3508 gabalo
1291 3420 1539 3504 jussum
1564 3462 1582 3496 ‚
1629 3436 1783 3481 eum
1811 3419 2095 3513 primum
2133 3418 2202 3480 in
2235 3415 2508 3480 Antoni-

1016 3525 1089 3587 ni
1129 3542 1373 3586 nomen
1407 3520 1683 3598 invasit,
1727 3532 2005 3582 testatur
2039 3520 2169 3582 Dio
2202 3518 2284 3600 g),
2347 3522 2509 3579 Bas·-

1020 3630 1278 3700 sirenum,
1328 3621 1573 3691 diserte
1616 3620 1901 3705 appellat
1956 3620 2373 3697 Herodianus
2413 3616 2503 3700 ¹¹)5

1017 3725 1330 3789 nimirum
1378 3723 1459 3786 ab
1511 3722 1714 3786 abavo
1767 3736 2082 3785 materno.
2141 3722 2298 3784 'I'ria
2339 3723 2506 3785 haec

980 3850 987 3856 ·
1019 3826 1283 3890 nomina
1329 3824 1399 3886 in
1452 3819 1890 3888 monumentis
1926 3816 2217 3908 puhlicis>
2249 3842 2384 3887 non
2413 3823 2507 3887 le·

984 3930 993 3977 5
1021 3943 1287 4014 guntur.

1150 4036 1235 4099 M
1268 4032 1575 4095 Aurelius
1603 4030 1989 4091 Antoninus.
2030 4029 2217 4091 Haec
2243 4029 2512 4093 nomina

983 4132 1149 4196 ›sibci
1196 4129 1569 4217 adrogavit‚
1617 4151 1765 4194 cum
1805 4130 2192 4194 caracallae·
2231 4151 2355 4217 per
2399 4129 2510 4193 ad-

980 4266 989 4271 -
1016 4232 1333 4299 ultorium
1351 4231 1735 4296 filius-credi-
1752 4231 1992 4309 voluit,
2038 4231 2146 4296 cui
2165 4231 2304 4297 sive
2330 4252 2511 4295 men-

2124 476 2983 583 -ELAGABALvs

2630 691 2856 770 daci-o,
2915 690 3430 757 sivededecori
3480 707 3714 755 revera
3765 690 4116 775 imperium

2631 793 2877 857 debuit.
2920 796 3022 857 Eo
3041 793 3414 868 interfecto,
3461 812 3608 856 cum
3630 804 3922 856 sanctum
3943 790 4119 855 istud

2629 915 2871 958 nomen
2906 896 3077 959 male
3109 894 3485 981 impositum
3524 893 3781 956 homini
3825 894 4120 980 turpissi-

2632 1017 2742 1058 mo
2772 996 3148 1075 videretur,
3191 997 3461 1081 jubente
3498 1008 3724 1058 senatu
3764 1014 3847 1058 ex
3890 1016 4117 1084 monu-

2611 1096 2865 1159 ‘menti‘s
2903 1098 3192 1181 publicis·
3236 1116 3494 1160 erasum
3541 1110 3642 1158 est
3683 1092 3771 1178 i)‚
3839 1117 3922 1161 ac
3973 1111 4116 1165 tum

2631 1199 3165 1262 convenientiora
3183 1199 3446 1261 nomina
3460 1197 3709 1281 ingesta
3725 1202 4115 1262 Pseudan'to-

2625 1295 2902 1377 ninck),
2952 1302 3268 1375 Tiberini,
3313 1312 3380 1360 et
3433 1303 3763 1374 Practitit’,
3811 1299 4116 1382 quonism

2625 1420 2796 1463 unco
2832 1420 2957 1484 per
3003 1399 3233 1462 urbem
3271 1413 3547 1475 tractus,
3595 1412 3660 1462 et
3701 1399 3767 1460 in
3816 1400 4112 1462 Tiberim

2625 1500 2918 1584 abjectus
2951 1513 3051 1563 est
3096 1499 3168 1581 ¹),
3214 1504 3693 1585 Sardanapali,
3737 1501 3889 1587 quia
3918 1500 4116 1584 hujus

2623 1602 2932 1683 Assyriae
2961 1601 3141 1685 regis
3169 1601 3460 1663 moribus
3481 1594 3640 1666 vix'it
3676 1603 3758 1685 ¹¹¹)
3778 1648 3795 1679 ,
3831 1606 4116 1684 Assyrii,

2626 1703 2806 1786 quod
2859 1701 3272 1766 sacerdotum
3313 1702 3628 1782 Syrorum
3667 1703 3894 1767 habitu
3927 1702 4115 1766 indu·

2624 1815 2729 1863 tus
2757 1823 2951 1886 saepe
2973 1803 3260 1887 prodivit
3288 1805 3374 1884 ¹¹).
3419 1802 3610 1866 Adeo
3643 1809 3966 1868 Antonini
3994 1823 4114 1869 no·

2627 1923 2780 1965 men
2838 1925 2963 1997 per
3028 1905 3138 1966 Pii
3212 1918 3278 1967 et
3340 1905 3551 1970 Marci
3622 1905 4120 1969 sanctimoniam

2629 2003 2930 2065 omnibus
2964 2004 3268 2088 gentibus
3298 2004 3683 2070 venerabile
3710 2029 3784 2070 ac
3818 2020 4114 2069 sanctum
4173 2040 4182 2047 -

2625 2103 2959 2180 habitum,
3017 2126 3093 2168 ac
3144 2120 3497 2189 propterea
3535 2130 3571 2169 a
3622 2106 4115 2171 successorihus

2627 2203 2855 2280 avide,
2901 2205 3024 2266 etsi
3070 2207 3255 2268 nullo
3302 2207 3385 2268 ad
3440 2205 3514 2268 id·
3554 2206 3699 2290 jure
3752 2210 4115 2292 expetitum

2623 2305 2692 2365 in
2723 2305 3081 2388 Elagabalo
3113 2307 3394 2392 turpiter
3437 2308 3662 2386 desiit,
3708 2312 3972 2391 nemine
4002 2310 4122 2373 de-

2622 2405 2851 2489 inceps
2883 2427 3026 2468 eam
3062 2408 3566 2491 appellationem
3605 2410 3993 2475 adfectante.

2659 2506 2664 2519 '
2727 2511 2899 2570 *Non
2934 2529 3203 2591 possum·
3233 2510 3540 2574 hocdoco
3560 2512 3924 2597 praeterire
3943 2513 4117 2577 inso-

2627 2610 2875 2671 lentem
2915 2609 3141 2692 capitis
3184 2609 3711 2694 inscriptionem,
3771 2634 3964 2695 quam
4004 2634 4121 2676 ex·

2629 2723 2801 2774 stare
2844 2710 2913 2771 in
2970 2732 3170 2773 numo
3220 2725 3533 2795 argenteo
3582 2714 3954 2797 Elagabali,
4001 2715 4119 2799 qui

2625 2811 2695 2872 in
2739 2831 3036 2874 museum
3079 2813 3258 2896 regis
3289 2813 3746 2897 Hispaniarum
3785 2816 4116 2898 migrarit,

2622 2926 2902 2976 testatur
2949 2913 3046 2997 cl.
3070 2914 3390 2977 Beauvais
3421 2916 3524 2998 0),
3569 2915 3923 2981 videlicet:
3967 2920 4120 2981 AN-

2624 3014 3036 3083 TONINVS.
3072 3015 3153 3083 V.
3198 3016 3361 3093 Eam
3403 3018 3597 3083 aliter
3631 3017 3775 3100 capi
3802 3037 3940 3080 non
3963 3039 4121 3103 pos-

2623 3137 2702 3179 se
2726 3115 2919 3181 video
2940 3160 2957 3192 ‚
3005 3137 3194 3201 quam
3214 3118 3642 3202 Elagabalum
3676 3139 3830 3183 esse
3854 3138 3935 3189 ex
3954 3121 4116 3183 Cae-

2622 3218 2874 3280 saribus
2926 3223 3251 3302 quintum,
3323 3221 3435 3305 qui
3485 3220 3797 3283 Antonini
3847 3219 4116 3283 nomine

2618 3318 2955 3404 praeditus
2999 3318 3236 3383 fuerat.
3302 3321 3375 3384 si
3415 3342 3650 3384 numus
3684 3335 3785 3383 est
3827 3322 4114 3407 integer,

2621 3441 2699 3484 ac
2763 3440 2959 3497 vcra,
3023 3422 3232 3505 qualis
3303 3423 3643 3507 proditur,
3717 3417 4116 3508 epigraphe,

2589 3518 2888 3585 ''unieum
2928 3520 3108 3584 istud
3143 3537 3244 3587 est
3282 3524 3349 3586 in
3381 3525 3557 3588 omni
3588 3525 3967 3610 antiquitate
3999 3542 4116 3586 ex·

2622 3622 2911 3707 emplum
2929 3668 2946 3699 ,
2993 3623 3170 3709 quod
3195 3625 3558 3710 principem
3580 3648 3630 3709 ax
3650 3624 4114 3691 decessoribus

2589 3722 3032 3807 ⁸homonymis
3094 3726 3314 3792 addito
3380 3749 3658 3792 numero
3718 3727 4112 3812 distinguat,

2623 3825 2740 3910 qui
2771 3847 2913 3890 mos
2950 3840 3176 3891 nostra
3218 3842 3430 3893 aetate
3464 3831 3533 3893 in
3583 3826 4113 3897 discriminandis

2620 3928 3027 4013 principibus
3091 3930 3363 3993 obtinet.
3450 3931 3540 3993 At
3595 3932 3790 3995 video
3847 3948 4114 4015 capsam

2583 4054 2591 4058 ·
2621 4029 3019 4108 luculentam
3044 4074 3061 4107 ‚
3107 4052 3226 4095 cur
3247 4031 3428 4096 istud·
3454 4032 3849 4118 Elagabalus
3880 4045 4113 4095 contra

2623 4149 2886 4195 emnem
2903 4144 3201 4196 veterum
3232 4152 3484 4196 morem
3517 4134 3955 4199 constituerit.
3993 4134 4113 4199 Ni·
4167 4178 4178 4185 „

2621 4234 2966 4296 mirum-ut
2998 4234 3293 4300 Macrino
3334 4236 3764 4313 consulatum,
3785 4249 4110 4321 ‚tanquam

1094 4412 1159 4481 a)
1201 4410 1346 4484 Cap.
1381 4421 1469 4467 10.
1524 4398 1545 4409 “
1651 4405 1722 4477 b)
1765 4407 1912 4481 Cap.
1945 4415 1999 4465 2.

1021 4500 1073 4573 §.
1108 4510 1162 4558 2.
1383 4499 1443 4568 e)
1484 4493 1549 4551 in
1577 4494 1877 4554 Macrino:

1018 4589 1103 4664 h)
1130 4588 1195 4645 in
1222 4585 1506 4644 Macrino.
1724 4584 1775 4658 i)
1813 4583 2114 4660 Lamprid.
2143 4604 2193 4642 c.
2221 4598 2310 4650 12.

978 4670 987 4683 ⁴
1024 4679 1073 4737 1.
1101 4696 1150 4735 c.
1330 4677 1415 4746 m)
1452 4672 1566 4732 Dio
1605 4669 1644 4732 l.
1677 4692 1727 4731 c.
1763 4660 1827 4733 et
1856 4674 1922 4734 1..
1950 4674 2217 4741 LXXIX.
2250 4679 2303 4751 ᾗ.
2329 4684 2415 4742 13.

961 4783 965 4788 ’
1028 4764 1135 4828 aes
1167 4766 1336 4844 Emp.
1373 4764 1442 4827 Τ.
1479 4764 1509 4825 1
1566 4785 1628 4843 p.
1662 4774 1807 4834 32&
1919 4764 1925 4769 ’

2154 4411 2219 4477 c)
2259 4405 2561 4483 Lamprid.
2591 4427 2642 4464 c.
2682 4420 2769 4471 17.

2078 4499 2131 4565 f)
2167 4494 2249 4551 ad
2282 4495 2490 4555 Dionis
2519 4496 2937 4560 L..LxxV111.
2967 4510 3106 4555 nota
3140 4499 3263 4562 160.

2488 4586 2556 4663 k)
2594 4586 2710 4645 Dio
2739 4587 2806 4649 L.
2832 4587 3100 4648 LXXIX.
3136 4591 3186 4660 ᾗ.
3218 4601 3271 4648 1.

2596 4679 2663 4755 n)
2698 4676 2814 4740 Dio
2844 4675 2920 4741 Lo
2947 4674 3216 4740 LXXIX·
3268 4681 3328 4754 §es
3347 4690 3436 4740 11·

2916 4406 2986 4481 d)
3025 4407 3094 4466 1..
3124 4408 3455 4475 LXXVIII.
3481 4414 3528 4483 §.
3557 4419 3648 4473 30.
3682 4421 3742 4467 et
3756 4411 3820 4468 L.
3838 4409 4114 4471 LXXIX:

3480 4502 3545 4575 g)
3583 4498 3648 4555 L.
3681 4499 3941 4557 Lxx1x.
3969 4505 4020 4577 ς.
4054 4510 4115 4562 2.

3450 4587 3503 4664 l)
3541 4587 3655 4649 Dio
3680 4588 3721 4645 l.
3740 4587 4107 4665 c.Lamprid.

3621 4680 3688 4755 o)
3726 4677 3875 4739 nist.
3907 4675 4104 4755 abi-eg.
