4475 5584
950 482 1121 557 1311.ι

960 652 1213 715 Severo
1234 689 1253 720 ,
1319 648 1461 723 esus
1513 639 1862 704 abolendas
1916 643 2166 697 statuas
2185 679 2201 709 ,
2283 651 2452 715 qnae

953 755 1237 834 undique
1284 754 1459 818 sunt,
1514 758 1862 821 nomenque
1883 758 1966 799 ea:
1995 738 2289 798 omnibus
2316 736 2452 813 pra·-

954 855 1161 924 vatis‚
1230 848 1631 928 publicisque
1707 840 2127 902 monumentis
2192 840 2455 898 eraden-

958 958 1109 1016 dum
1140 953 1236 1029 ⁸),
1299 946 1614 1009 saevitum
1656 955 1756 1001 est
1791 939 1985 1000 etiam
2020 935 2086 996 in
2125 929 2455 998 monetam

960 1052 1103 1136 ejus
1152 1069 1460 1120 auream,
1517 1041 1792 1127 perinde
1853 1058 1927 1100 ac
1979 1037 2133 1098 olim
2191 1049 2452 1098 senatus

960 1148 1234 1215 conflari
1254 1169 1494 1211 aeneos
1511 1142 1846 1226 Caligulae
1875 1159 2107 1199 numos
2137 1136 2330 1221 jussit
2357 1131 2449 1214 ¹’)‚

961 1268 1154 1337 atque
1221 1270 1480 1313 omnem
1561 1244 1783 1306 fratris
1844 1242 2049 1303 Getae
2125 1250 2452 1299 monetam

964 1350 1346 1416 Caracalla?
1401 1353 1546 1410 Non
1598 1366 1825 1430 parum
1872 1343 2066 1412 haec,
2112 1359 2277 1423 quae
2325 1356 2459 1398 me-

963 1451 1252 1525 moravi,
1329 1453 1554 1513 valere
1598 1448 1678 1510 ad
1727 1456 2141 1529 praesentem
2194 1460 2455 1503 causam

934 1553 1231 1637 ⁴possent
1255 1596 1271 1626 ,
1318 1552 1435 1613 sed
1470 1566 1683 1612 tamen
1721 1546 1861 1626 ejus
1888 1547 1953 1605 in
1990 1563 2148 1605 auro
2196 1540 2455 1624 inopiae

961 1655 1131 1717 ratio
1171 1652 1362 1715 altius
1395 1649 1698 1736 petenda.
1742 1645 2005 1708 Etenim
2039 1643 2274 1718 video,
2321 1661 2462 1703 mo-

969 1769 1186 1817 netam
1237 1772 1541 1822 auream,
1603 1767 1769 1832 quae
1810 1745 2037 1831 primis
2075 1742 2458 1827 imperantis

962 1854 1223 1917 Aurelii
1274 1853 1456 1914 annis
1501 1850 1688 1911 obvia
1738 1859 1874 1921 est,
1930 1866 2053 1930 per
2096 1863 2299 1908 annos
2361 1861 2460 1903 se·

966 1970 1245 2040 quentes
1292 1954 1378 2014 ita
1428 1951 1668 2013 sensim
1703 1945 2030 2021 delicere,
2092 1958 2161 2006 ut
2188 1963 2459 2006 aureum

966 2054 1112 2139 ejus
1161 2074 1428 2115 numum
1483 2054 1588 2114 vix
1641 2048 1940 2132 reperire
1991 2046 2075 2107 sit
2104 2044 2461 2128 postremis

870 2223 873 2234 ,
965 2156 1181 2228 annis,
1249 2152 1486 2236 quibus
1560 2149 1909 2233 imperium
1968 2148 2197 2208 tenuit.
2285 2144 2461 2239 Quid

903 2285 907 2289 ·
966 2255 1148 2340 quod
1207 2252 1431 2316 uxoris
1473 2253 1821 2314 Faustinae
1871 2260 2289 2311 consecratae
2346 2268 2463 2307 nu·

965 2378 1142 2419 mum
1169 2400 1187 2431 ,
1251 2354 1376 2416 etsi
1424 2353 1491 2415 id
1540 2371 1746 2437 genus
1805 2352 1869 2411 in
1905 2362 2177 2434 argento
2210 2361 2276 2410 et
2307 2365 2459 2410 aere

964 2455 1233 2518 obvium
1295 2468 1429 2531 est,
1504 2473 1588 2514 ne
1633 2474 1831 2515 unum
1879 2451 2140 2535 quidem
2186 2469 2456 2512 aureum

964 2556 1034 2617 in
1068 2554 1613 2639 opulentissimis,
1661 2566 1724 2615 et
1767 2554 2048 2635 optimae
2068 2564 2261 2613 notae
2294 2564 2463 2613 cata-

964 2655 1181 2738 logis,
1227 2669 1293 2717 et
1317 2675 1400 2716 ne
1438 2652 1702 2738 quidem
1731 2653 1795 2714 in
1840 2653 2175 2717 uberrimo
2210 2650 2462 2713 Medio·

963 2756 1173 2819 barbo
1231 2756 1526 2838 reperire
1574 2756 1764 2829 licet,
1825 2753 2083 2816 tametsi
2119 2772 2461 2818 consecra·

967 2870 1072 2920 tae
1117 2856 1340 2918 matris
1358 2855 1706 2917 Faustinae
1738 2857 2016 2918 senioris
2047 2855 2231 2918 aurei
2263 2853 2461 2917 abun-

965 2958 1145 3021 dent.
1224 2956 1789 3019 Au1·elius·uxori
1852 2975 2007 3018 suae
2068 2954 2213 3017 fere
2278 2954 2464 3039 quin·

846 3133 859 3143 ‚
965 3058 1255 3143 quennio
1303 3072 1634 3141 superstes
1664 3057 1806 3119 suit.
1870 3056 1940 3119 Si
1985 3076 2148 3141 ergo
2183 3067 2320 3118 tum
2355 3054 2465 3117 ad·

964 3162 1100 3223 huc
1165 3179 1246 3221 ex
1302 3160 1452 3242 lege
1497 3155 1826 3220 ordinaria
1892 3158 2128 3242 signati
2185 3156 2466 3219 fuissent

966 3261 1170 3333 aurei,
1210 3281 1285 3322 an
1308 3256 1650 3333 credibile,
1685 3271 1993 3341 negatum
2013 3258 2215 3320 fuisse
2232 3262 2482 3320 aurum'

968 3349 1199 3436 uxori,
1262 3359 1329 3419 in
1376 3379 1567 3442 quam
1623 3373 1945 3420 mortuam
1979 3358 2267 3420 honores
2300 3356 2464 3418 alios

970 3482 1237 3536 omnes,
1329 3480 1494 3544 quos
1567 3458 1883 3519 maximos
1960 3439 2175 3520 animo
2251 3456 2466 3541 potuit

972 3562 1326 3645 concipere
1348 3605 1366 3637 ‚
1440 3560 1808 3644 congessit‘3
1897 3561 2081 3642 Ergo
2155 3557 2460 3643 quoniam

971 3651 1206 3724 causae
1241 3660 1547 3745 pensitati
1575 3658 1867 3722 barbaris
1891 3659 2056 3735 auri,
2100 3677 2215 3720 seu
2246 3658 2462 3735 luxus,

972 3784 1090 3824 seu
1133 3762 1265 3824 odii
1303 3776 1603 3837 senatus,
1649 3781 1814 3846 quae
1845 3761 1911 3822 in
1948 3760 2322 3823 Commodo
2354 3782 2462 3824 va·

971 3864 1114 3924 lere
1130 3877 1417 3948 possent,
1453 3863 1724 3925 Aurelio
1756 3862 2071 3947 applicari
2104 3874 2461 3944 nequeunt,

971 3964 1138 4025 aliae
1157 3979 1338 4026 certe
1376 3964 1637 4048 utrique
1672 3983 2054 4027 communes
2094 3962 2319 4025 forent
2352 3961 2464 4024 ad-

970 4064 1338 4140 vocandae,
1385 4064 1770 4150 sedquibus
1802 4064 2112 4136 rimandis
2147 4064 2466 4139 abstineo,

974 4163 1319 4247 quoniam,
1368 4165 1684 4254 quidquid
1717 4167 2036 4242 attulero,
2095 4165 2267 4228 intra
2312 4186 2468 4229 con-

832 4241 863 4345 ,ἶ
966 4262 1256 4365 iecturas
1302 4286 1605 4356 semper
1613 4266 1828 4333 stabit.
1903 4269 2211 4330 Ceterum
2269 4287 2468 4353 quan-

969 4363 1213 4430 tumvis
1262 4368 1394 4430 rari
1432 4380 1614 4445 sunt,
1661 4382 1731 4431 ut
1773 4367 1977 4446 dixi,
2013 4363 2408 4432 Commodi
2390 4390 2457 4430 m

1034 4567 1037 4570 ¹
1089 4575 1152 4644 a)
1196 4572 1498 4661 Lamprid.
1538 4593 1587 4632 c.
1621 4585 1708 4637 20.

975 4661 1207 4721 LXXII.
1247 4666 1294 4737 ς.
1337 4673 1422 4726 15.
1571 4665 1635 4737 e)
1672 4659 1735 4720 in
1772 4663 1959 4741 Epist.
1997 4684 2157 4726 cons.

2501 2757 2504 2760 ’
2574 2751 2882 2811 Hercules
2930 2753 3249 2813 Romanus
3264 2794 3281 2826 ,

2541 2873 2546 2880 ·
2577 2854 2960 2912 tribuniciae
2995 2855 3336 2932 potestatis
3389 2855 3637 2913 XVIII.
3714 2854 4071 2927 Imperator

1889 4573 1960 4649 b)
1998 4575 2110 4634 nio
2147 4576 2209 4636 1..
2249 4577 2371 4645 Lx,
2410 4578 2459 4652 §-
2489 4589 2585 4641 22.

2116 438 2830 523 COMMODVS.

2563 648 2727 692 auro
2762 623 2977 702 numi,
3022 622 3116 686 sic
3158 633 3228 684 ut
3268 617 3625 680 illustriora
3675 614 3868 677 etiam
3912 634 4054 675 mu·

2568 751 2715 804 sea,
2775 749 2921 791 cum
2961 747 3191 800 eorum
3232 721 3556 792 senarium
3599 716 3870 806 jactate
3904 736 4054 799 pos-

2570 847 2753 904 sunt,
2801 829 2954 890 satis
2994 825 3197 889 videri
3229 823 3566 884 nobilitata
3616 831 3891 904 queant,
3962 830 4057 878 ta·

2529 945 2722 994 'men
2777 929 2989 991 solum
3045 926 3223 1009 regis
3262 915 3619 986 Galliarum
3675 920 4055 982 thesaurum

2567 1030 2934 1095 recondere
2977 1041 3138 1106 ‚octo
3196 1039 3263 1088 et
3315 1024 3578 1108 triginta
3626 1021 3822 1084 variis
3864 1021 4056 1105 typis,

2570 1149 2635 1196 et
2668 1133 2830 1194 duos
2865 1144 3204 1213 praeterea
3239 1124 3498 1187 maximi
3537 1120 3820 1199 moduli,
3866 1135 4060 1183 testa·
4092 1132 4130 1164 Α·

2569 1248 2678 1295 tur
2710 1233 2795 1296 cl.
2835 1229 3156 1292 Beauvais
3204 1229 3288 1309 Φ).
3342 1229 3556 1289 Vnum
3594 1225 3788 1306 hujus
3807 1224 4060 1287 moduli

2573 1332 2861 1419 vulgavit
2894 1333 3086 1394 etiam
3122 1329 3529 1398 Vaillantius.

3003 1552 3287 1617 Nomina
3328 1570 3409 1612 ao
3431 1551 3646 1647 simii.

2703 1738 2887 1833 Quae
2939 1735 3337 1818 Commodus
3384 1734 3642 1795 nomina
3707 1732 4059 1796 aemulos

2572 1862 2696 1926 per
2741 1840 3122 1906 intervalla„
3154 1837 3539 1919 collegerit,
3616 1834 3696 1896 ab
3744 1833 3886 1917 ipso
3939 1853 4062 1916 nos

2576 1943 2936 2006 Commodo
2971 1938 3241 2002 edoceri
3267 1940 3607 2021 patiamur.
3651 1940 3815 1997 Nam
3851 1933 4063 1996 refert

2572 2046 2703 2107 Dio
2732 2040 3134 2128 epigraphen
3175 2040 3535 2114 literarum,
3580 2059 3738 2123 quas
3760 2051 4061 2099 extremo

2573 2146 2746 2209 vitae
2801 2157 3101 2227 tempore
3149 2141 3230 2220 ad
3268 2155 3563 2205 senatum
3612 2139 3796 2204 dedit
3839 2138 3942 2200 his
3983 2138 4063 2198 ti·

2576 2245 2732 2306 tulis
2764 2258 3137 2328 turgentem
3173 2240 3272 2324 d):

2697 2349 3052 2425 Imperator
3091 2350 3324 2408 Caesar
3350 2347 3589 2407 Lucius
3618 2335 3846 2407 (lellus
3861 2347 4068 2406 Aure·

2576 2451 2704 2509 Iius
2728 2451 3116 2536 Commodus,
3159 2450 3491 2527 Augustus
3523 2449 3680 2508 Pius
3704 2449 3890 2508 Felix
3906 2448 4074 2508 Sars

2573 2553 2883 2622 malicus,
2933 2551 3350 2611 Germanicus
3385 2551 3747 2623 Maximus,
3807 2549 4069 2607 Britan·

2574 2652 2756 2709 nicus
2780 2691 2797 2722 ‚
2860 2651 3139 2718 Pacator
3173 2652 3344 2712 orbis
3370 2660 3679 2711 terranem
3697 2693 3713 2723 ,
3757 2651 4066 2723 Invictas,

3361 2753 3666 2830 Pontifex
3718 2751 4064 2825 maz-Imus,

2584 2954 2761 3013 VIII.
2845 2954 3079 3013 Consul
3117 2956 3265 3013 VII.
3339 2956 3528 3014 Pater
3561 2955 3856 3033 patriae,
3918 2973 4072 3013 con-

2577 3056 2857 3128 sulibus,
2894 3057 3300 3131 praetoribus
3320 3097 3336 3127 ,
3383 3056 3656 3115 tribunis
3679 3055 3924 3131 plebis,
3968 3073 4069 3115 se-

2576 3157 2885 3238 natuique
2903 3159 3349 3218 Commodiano
3366 3157 3571 3216 Felice·
3586 3158 3872 3217 salutem.

2702 3259 2776 3318 In
2813 3256 3106 3339 singulos
3162 3254 3387 3322 titulos
3435 3252 3731 3317 nonnihil
3764 3252 4068 3318 adverta-

2579 3378 2760 3418 mus:
3870 3389 3874 3393 >

2705 3455 3251 3528 IMPERATOR.
3311 3456 3415 3520 De
3443 3456 3575 3519 hoc
3612 3453 3889 3539 duplicis
3920 3475 4070 3518 sen·

2580 3579 2688 3620 sus
2724 3558 2919 3622 titulo
2962 3558 3156 3622 infra.
3322 3600 3332 3608 ·

2704 3661 3053 3738 LVCIVS,
3084 3659 3243 3723 alias
3279 3672 3342 3723 et
3362 3658 3738 3727 MARCVS
3767 3635 4069 3725 Notanda

2576 3760 2705 3824 hoe
2748 3761 2900 3825 loco
2944 3761 3407 3837 inconstantia,
3486 3781 3608 3844 qua
3667 3760 4072 3826 Commodus

2575 3865 2796 3939 Lucii,
2856 3862 2963 3925 vel
3013 3867 3221 3925 Marci
3245 3866 3427 3925 Aelii
3464 3864 3722 3924 Aurelii
3752 3868 4075 3928 Antonini

2580 3960 2952 4025 nominibus
3003 3978 3105 4026 est
3147 3984 3334 4040 usus,
3398 3963 3554 4024 dum
3610 3982 3687 4025 ea
3734 3986 3856 4048 pro
3895 3966 4073 4028 lubi·

2584 4062 2735 4126 (line
2804 4064 2934 4147 jam
2989 4065 3354 4150 adoptavit,
3428 4065 3557 4147 jam
3605 4067 3878 4151 respuit.
3966 4070 4071 4131 Ea

2581 4164 2691 4226 lex
2724 4166 3081 4229 secundum
3117 4187 3361 4252 *numos
3414 4167 3578 4229 haec
3625 4165 3751 4230 fuit
3790 4185 4072 4232 concor-

2582 4266 2771 4329 dibus
2790 4267 2983 4329 etiam
3008 4266 3462 4342 marmoribus,
3498 4268 3566 4329 in
3581 4288 3704 4353 qua
3724 4269 4069 4333 statuenda

2582 4368 2739 4432 olim
2783 4390 3012 4453 parum
3078 4387 3349 4434 veraces
3394 4357 3585 4435 fuere
3633 4370 3933 4435 Norisius
3981 4374 4067 4455 0),

2771 4582 2830 4654 c)
2869 4578 3017 4641 nist.
3059 4579 3254 4658 abreg.
3293 4581 3362 4639 Τ.
3402 4579 3445 4640 1.
3484 4601 3544 4659 p.
3574 4591 3702 4655 259.
3887 4580 3958 4654 d)
3999 4580 4068 4640 1..
