<?xml version="1.0" encoding="UTF-8"?>
<!DOCTYPE html PUBLIC "-//W3C//DTD XHTML 1.0 Transitional//EN"
    "http://www.w3.org/TR/xhtml1/DTD/xhtml1-transitional.dtd">
<html xmlns="http://www.w3.org/1999/xhtml" xml:lang="en" lang="en">
 <head>
  <title>
</title>
<meta http-equiv="Content-Type" content="text/html;charset=utf-8" />
  <meta name='ocr-system' content='tesseract 3.04.00' />
  <meta name='ocr-capabilities' content='ocr_page ocr_carea ocr_par ocr_line ocrx_word'/>
</head>
<body>
  <div class='ocr_page' id='page_1' title='image "./doctrinanumorum09unkngoog_0179.png"; bbox 0 0 4475 5584; ppageno 0'>
   <div class='ocr_carea' id='block_1_1' title="bbox 1204 430 2718 513">
    <p class='ocr_par' dir='ltr' id='par_1_1' title="bbox 1204 430 2718 513">
     <span class='ocr_line' id='line_1_1' title="bbox 1204 430 2718 513; baseline 0.002 -5"><span class='ocrx_word' id='word_1_1' title='bbox 1204 439 1289 508; x_wconf 91' lang='lat' dir='ltr'><strong>L.</strong></span> <span class='ocrx_word' id='word_1_2' title='bbox 1403 430 2049 510; x_wconf 87' lang='lat' dir='ltr'><strong>SEPTIMIVS</strong></span> <span class='ocrx_word' id='word_1_3' title='bbox 2151 434 2718 513; x_wconf 85' lang='lat' dir='ltr'><strong>SEVERVS.</strong></span> 
     </span>
    </p>
   </div>
   <div class='ocr_carea' id='block_1_2' title="bbox 422 609 1926 1012">
    <p class='ocr_par' dir='ltr' id='par_1_2' title="bbox 422 609 1926 1012">
     <span class='ocr_line' id='line_1_2' title="bbox 424 609 1926 710; baseline -0.003 -23"><span class='ocrx_word' id='word_1_4' title='bbox 424 609 737 710; x_wconf 75' lang='lat' dir='ltr'><strong>perstitit.</strong></span> <span class='ocrx_word' id='word_1_5' title='bbox 782 622 931 686; x_wconf 86' lang='lat' dir='ltr'><strong>Hoc</strong></span> <span class='ocrx_word' id='word_1_6' title='bbox 968 617 1357 697; x_wconf 72' lang='lat' dir='ltr'><strong>interfecto,</strong></span> <span class='ocrx_word' id='word_1_7' title='bbox 1403 634 1472 684; x_wconf 83' lang='lat' dir='ltr'><strong>et</strong></span> <span class='ocrx_word' id='word_1_8' title='bbox 1509 620 1760 684; x_wconf 84' lang='lat' dir='ltr'><strong>Iuliano</strong></span> <span class='ocrx_word' id='word_1_9' title='bbox 1778 638 1926 683; x_wconf 85' lang='lat' dir='ltr'><strong>suc-</strong></span> 
     </span>
     <span class='ocr_line' id='line_1_3' title="bbox 429 724 1923 809; baseline -0.005 -20"><span class='ocrx_word' id='word_1_10' title='bbox 429 744 698 789; x_wconf 85' lang='lat' dir='ltr'><strong>cessore</strong></span> <span class='ocrx_word' id='word_1_11' title='bbox 731 745 856 809; x_wconf 82' lang='lat' dir='ltr'><strong>per</strong></span> <span class='ocrx_word' id='word_1_12' title='bbox 898 724 1271 808; x_wconf 80' lang='lat' dir='ltr'><strong>provincias</strong></span> <span class='ocrx_word' id='word_1_13' title='bbox 1307 741 1510 785; x_wconf 81' lang='lat' dir='ltr'><strong>exoso</strong></span> <span class='ocrx_word' id='word_1_14' title='bbox 1549 742 1923 805; x_wconf 75' lang='lat' dir='ltr'><strong>repugnans</strong></span> 
     </span>
     <span class='ocr_line' id='line_1_4' title="bbox 426 823 1925 912; baseline -0.005 -20"><span class='ocrx_word' id='word_1_15' title='bbox 426 852 467 893; x_wconf 77' lang='lat' dir='ltr'><strong>a</strong></span> <span class='ocrx_word' id='word_1_16' title='bbox 510 826 645 891; x_wconf 84' lang='lat' dir='ltr'><strong>suis</strong></span> <span class='ocrx_word' id='word_1_17' title='bbox 690 828 1051 912; x_wconf 83' lang='lat' dir='ltr'><strong>imperator</strong></span> <span class='ocrx_word' id='word_1_18' title='bbox 1104 825 1505 889; x_wconf 80' lang='lat' dir='ltr'>acclamatur</span> <span class='ocrx_word' id='word_1_19' title='bbox 1553 823 1725 907; x_wconf 87' lang='lat' dir='ltr'><strong>apud</strong></span> <span class='ocrx_word' id='word_1_20' title='bbox 1771 823 1925 886; x_wconf 90' lang='lat' dir='ltr'><strong>Car·</strong></span> 
     </span>
     <span class='ocr_line' id='line_1_5' title="bbox 422 926 1925 1012; baseline -0.003 -21"><span class='ocrx_word' id='word_1_21' title='bbox 422 943 702 993; x_wconf 84' lang='lat' dir='ltr'><strong>nuntum</strong></span> <span class='ocrx_word' id='word_1_22' title='bbox 735 931 830 1012; x_wconf 72' lang='grc' dir='ltr'><strong>ιι).</strong></span> <span class='ocrx_word' id='word_1_23' title='bbox 874 928 1178 991; x_wconf 83' lang='lat' dir='ltr'><strong>Instituto</strong></span> <span class='ocrx_word' id='word_1_24' title='bbox 1211 927 1416 1012; x_wconf 88' lang='lat' dir='ltr'><strong>igitur</strong></span> <span class='ocrx_word' id='word_1_25' title='bbox 1455 926 1766 990; x_wconf 80' lang='lat' dir='ltr'><strong>celeriter</strong></span> <span class='ocrx_word' id='word_1_26' title='bbox 1784 927 1925 986; x_wconf 80' lang='lat' dir='ltr'><strong>Ro-</strong></span> 
     </span>
    </p>
   </div>
   <div class='ocr_carea' id='block_1_3' title="bbox 314 1028 2115 1113">
    <p class='ocr_par' dir='ltr' id='par_1_3' title="bbox 314 1028 2115 1113">
     <span class='ocr_line' id='line_1_6' title="bbox 314 1028 2115 1113; baseline -0.002 -18"><span class='ocrx_word' id='word_1_27' title='bbox 314 1061 329 1070; x_wconf 89' lang='lat'><strong>·</strong></span> <span class='ocrx_word' id='word_1_28' title='bbox 424 1053 602 1094; x_wconf 88' lang='lat' dir='ltr'><strong>mam</strong></span> <span class='ocrx_word' id='word_1_29' title='bbox 636 1031 911 1110; x_wconf 85' lang='lat' dir='ltr'><strong>itinere,</strong></span> <span class='ocrx_word' id='word_1_30' title='bbox 974 1030 1154 1110; x_wconf 88' lang='lat' dir='ltr'><strong>(nam</strong></span> <span class='ocrx_word' id='word_1_31' title='bbox 1186 1028 1736 1113; x_wconf 79' lang='lat' dir='ltr'><strong>praevertendum</strong></span> <span class='ocrx_word' id='word_1_32' title='bbox 1776 1038 1918 1089; x_wconf 83' lang='lat' dir='ltr'><strong>erat</strong></span> <span class='ocrx_word' id='word_1_33' title='bbox 2032 1028 2115 1091; x_wconf 87' lang='lat' dir='ltr'><strong>D.</strong></span> 
     </span>
    </p>
   </div>
   <div class='ocr_carea' id='block_1_4' title="bbox 421 1127 1925 2333">
    <p class='ocr_par' dir='ltr' id='par_1_4' title="bbox 421 1127 1925 2333">
     <span class='ocr_line' id='line_1_7' title="bbox 421 1127 1918 1218; baseline -0.007 -22"><span class='ocrx_word' id='word_1_34' title='bbox 421 1134 835 1210; x_wconf 78' lang='lat' dir='ltr'><strong>Pescennio,</strong></span> <span class='ocrx_word' id='word_1_35' title='bbox 900 1153 1096 1218; x_wconf 85' lang='lat' dir='ltr'><strong>quem</strong></span> <span class='ocrx_word' id='word_1_36' title='bbox 1135 1132 1388 1194; x_wconf 85' lang='lat' dir='ltr'><strong>interea</strong></span> <span class='ocrx_word' id='word_1_37' title='bbox 1425 1129 1667 1193; x_wconf 79' lang='lat' dir='ltr'><strong>Oriens</strong></span> <span class='ocrx_word' id='word_1_38' title='bbox 1705 1127 1918 1210; x_wconf 81' lang='lat' dir='ltr'><strong>Augu-</strong></span> 
     </span>
     <span class='ocr_line' id='line_1_8' title="bbox 427 1227 1919 1320; baseline -0.008 -22"><span class='ocrx_word' id='word_1_39' title='bbox 427 1249 602 1298; x_wconf 78' lang='lat' dir='ltr'><strong>stum</strong></span> <span class='ocrx_word' id='word_1_40' title='bbox 638 1227 829 1315; x_wconf 82' lang='lat' dir='ltr'><strong>dixit)</strong></span> <span class='ocrx_word' id='word_1_41' title='bbox 871 1234 1197 1320; x_wconf 75' lang='lat' dir='ltr'><strong>neglectis</strong></span> <span class='ocrx_word' id='word_1_42' title='bbox 1230 1231 1497 1308; x_wconf 85' lang='lat' dir='ltr'><strong>Iuliani,</strong></span> <span class='ocrx_word' id='word_1_43' title='bbox 1540 1251 1617 1293; x_wconf 89' lang='lat' dir='ltr'><strong>ac</strong></span> <span class='ocrx_word' id='word_1_44' title='bbox 1656 1239 1919 1291; x_wconf 83' lang='lat' dir='ltr'><strong>senatus</strong></span> 
     </span>
     <span class='ocr_line' id='line_1_9' title="bbox 429 1331 1917 1421; baseline -0.007 -23"><span class='ocrx_word' id='word_1_45' title='bbox 429 1337 664 1409; x_wconf 69' lang='lat' dir='ltr'><strong>minis»,</strong></span> <span class='ocrx_word' id='word_1_46' title='bbox 753 1358 789 1398; x_wconf 88' lang='lat' dir='ltr'><strong>a</strong></span> <span class='ocrx_word' id='word_1_47' title='bbox 852 1336 1087 1421; x_wconf 86' lang='lat' dir='ltr'><strong>quibus</strong></span> <span class='ocrx_word' id='word_1_48' title='bbox 1137 1335 1463 1418; x_wconf 82' lang='lat' dir='ltr'><strong>judicatus</strong></span> <span class='ocrx_word' id='word_1_49' title='bbox 1528 1331 1734 1394; x_wconf 77' lang='lat' dir='ltr'><strong>hostis</strong></span> <span class='ocrx_word' id='word_1_50' title='bbox 1795 1342 1917 1403; x_wconf 85' lang='lat' dir='ltr'><strong>est,</strong></span> 
     </span>
     <span class='ocr_line' id='line_1_10' title="bbox 428 1427 1922 1521; baseline -0.009 -19"><span class='ocrx_word' id='word_1_51' title='bbox 428 1438 608 1502; x_wconf 84' lang='lat' dir='ltr'><strong>caesi</strong></span> <span class='ocrx_word' id='word_1_52' title='bbox 641 1437 1008 1502; x_wconf 52' lang='lat' dir='ltr'><strong>Perxinacis</strong></span> <span class='ocrx_word' id='word_1_53' title='bbox 1054 1458 1124 1500; x_wconf 86' lang='lat' dir='ltr'><strong>se</strong></span> <span class='ocrx_word' id='word_1_54' title='bbox 1166 1437 1410 1521; x_wconf 86' lang='lat' dir='ltr'><strong>ubique</strong></span> <span class='ocrx_word' id='word_1_55' title='bbox 1448 1431 1783 1497; x_wconf 59' lang='lat' dir='ltr'><strong>&#39;vindicem</strong></span> <span class='ocrx_word' id='word_1_56' title='bbox 1824 1427 1922 1489; x_wconf 83' lang='lat' dir='ltr'><strong>fe-</strong></span> 
     </span>
     <span class='ocr_line' id='line_1_11' title="bbox 428 1529 1920 1623; baseline -0.009 -20"><span class='ocrx_word' id='word_1_57' title='bbox 428 1560 622 1616; x_wconf 86' lang='lat' dir='ltr'><strong>rens,</strong></span> <span class='ocrx_word' id='word_1_58' title='bbox 685 1562 835 1604; x_wconf 89' lang='lat' dir='ltr'><strong>cum</strong></span> <span class='ocrx_word' id='word_1_59' title='bbox 901 1541 970 1600; x_wconf 86' lang='lat' dir='ltr'><strong>in</strong></span> <span class='ocrx_word' id='word_1_60' title='bbox 1017 1550 1440 1623; x_wconf 80' lang='lat' dir='ltr'><strong>conspectum</strong></span> <span class='ocrx_word' id='word_1_61' title='bbox 1488 1533 1671 1597; x_wconf 89' lang='lat' dir='ltr'><strong>urbis</strong></span> <span class='ocrx_word' id='word_1_62' title='bbox 1722 1529 1920 1601; x_wconf 83' lang='lat' dir='ltr'><strong>venit,</strong></span> 
     </span>
     <span class='ocr_line' id='line_1_12' title="bbox 428 1637 1922 1725; baseline -0.011 -20"><span class='ocrx_word' id='word_1_63' title='bbox 428 1640 600 1705; x_wconf 84' lang='lat' dir='ltr'><strong>adeo</strong></span> <span class='ocrx_word' id='word_1_64' title='bbox 628 1661 942 1725; x_wconf 84' lang='lat' dir='ltr'><strong>praesens</strong></span> <span class='ocrx_word' id='word_1_65' title='bbox 967 1653 1187 1725; x_wconf 82' lang='lat' dir='ltr'><strong>patres</strong></span> <span class='ocrx_word' id='word_1_66' title='bbox 1218 1637 1578 1722; x_wconf 82' lang='lat' dir='ltr'><strong>perterruit</strong></span> <span class='ocrx_word' id='word_1_67' title='bbox 1598 1680 1616 1712; x_wconf 92' lang='lat'>,</span> <span class='ocrx_word' id='word_1_68' title='bbox 1662 1646 1735 1696; x_wconf 84' lang='lat' dir='ltr'><strong>ut</strong></span> <span class='ocrx_word' id='word_1_69' title='bbox 1767 1649 1922 1691; x_wconf 85' lang='lat' dir='ltr'><strong>mox</strong></span> 
     </span>
     <span class='ocr_line' id='line_1_13' title="bbox 430 1738 1920 1823; baseline -0.008 -18"><span class='ocrx_word' id='word_1_70' title='bbox 430 1741 738 1806; x_wconf 77' lang='lat' dir='ltr'><strong>abdicato</strong></span> <span class='ocrx_word' id='word_1_71' title='bbox 771 1744 1062 1820; x_wconf 87' lang='lat' dir='ltr'><strong>Iuliano,</strong></span> <span class='ocrx_word' id='word_1_72' title='bbox 1107 1754 1175 1803; x_wconf 87' lang='lat' dir='ltr'><strong>et</strong></span> <span class='ocrx_word' id='word_1_73' title='bbox 1190 1738 1474 1823; x_wconf 79' lang='lat' dir='ltr'><strong>dilapsis</strong></span> <span class='ocrx_word' id='word_1_74' title='bbox 1510 1756 1633 1821; x_wconf 85' lang='lat' dir='ltr'><strong>per</strong></span> <span class='ocrx_word' id='word_1_75' title='bbox 1675 1744 1920 1796; x_wconf 83' lang='lat' dir='ltr'><strong>metum</strong></span> 
     </span>
     <span class='ocr_line' id='line_1_14' title="bbox 427 1832 1924 1928; baseline -0.009 -21"><span class='ocrx_word' id='word_1_76' title='bbox 427 1843 871 1928; x_wconf 83' lang='lat' dir='ltr'><strong>praetorianis</strong></span> <span class='ocrx_word' id='word_1_77' title='bbox 923 1844 1006 1907; x_wconf 90' lang='lat' dir='ltr'><strong>ad</strong></span> <span class='ocrx_word' id='word_1_78' title='bbox 1048 1863 1284 1907; x_wconf 82' lang='lat' dir='ltr'><strong>necem</strong></span> <span class='ocrx_word' id='word_1_79' title='bbox 1329 1839 1557 1903; x_wconf 82' lang='lat' dir='ltr'><strong>adacto</strong></span> <span class='ocrx_word' id='word_1_80' title='bbox 1605 1832 1924 1898; x_wconf 81' lang='lat' dir='ltr'><strong>Kalendis</strong></span> 
     </span>
     <span class='ocr_line' id='line_1_15' title="bbox 432 1937 1924 2038; baseline -0.007 -32"><span class='ocrx_word' id='word_1_81' title='bbox 432 1947 616 2022; x_wconf 59' lang='lat' dir='ltr'><strong>Iun„</strong></span> <span class='ocrx_word' id='word_1_82' title='bbox 675 1959 788 2008; x_wconf 85' lang='lat' dir='ltr'><strong>aut</strong></span> <span class='ocrx_word' id='word_1_83' title='bbox 824 1945 932 2008; x_wconf 87' lang='lat' dir='ltr'><strong>die</strong></span> <span class='ocrx_word' id='word_1_84' title='bbox 957 1944 1259 2038; x_wconf 79' lang='lat' dir='ltr'><strong>proximo</strong></span> <span class='ocrx_word' id='word_1_85' title='bbox 1294 1946 1376 2012; x_wconf 89' lang='lat' dir='ltr'><strong>V.</strong></span> <span class='ocrx_word' id='word_1_86' title='bbox 1413 1943 1484 2005; x_wconf 90' lang='lat' dir='ltr'><strong>C.</strong></span> <span class='ocrx_word' id='word_1_87' title='bbox 1518 1937 1642 2021; x_wconf 75' lang='lat'><strong>946</strong></span> <span class='ocrx_word' id='word_1_88' title='bbox 1694 1954 1924 2037; x_wconf 89' lang='lat' dir='ltr'><strong>omnes</strong></span> 
     </span>
     <span class='ocr_line' id='line_1_16' title="bbox 430 2031 1925 2128; baseline -0.007 -19"><span class='ocrx_word' id='word_1_89' title='bbox 430 2065 586 2109; x_wconf 77' lang='lat' dir='ltr'><strong>eum</strong></span> <span class='ocrx_word' id='word_1_90' title='bbox 622 2044 691 2108; x_wconf 87' lang='lat' dir='ltr'><strong>in</strong></span> <span class='ocrx_word' id='word_1_91' title='bbox 723 2046 886 2109; x_wconf 86' lang='lat' dir='ltr'><strong>urbe</strong></span> <span class='ocrx_word' id='word_1_92' title='bbox 923 2031 1189 2110; x_wconf 81' lang='lat' dir='ltr'><strong>ordines</strong></span> <span class='ocrx_word' id='word_1_93' title='bbox 1220 2044 1687 2128; x_wconf 77' lang='lat' dir='ltr'><strong>imperatoiem</strong></span> <span class='ocrx_word' id='word_1_94' title='bbox 1725 2057 1925 2123; x_wconf 86' lang='lat' dir='ltr'><strong>agno-</strong></span> 
     </span>
     <span class='ocr_line' id='line_1_17' title="bbox 430 2140 1922 2229; baseline -0.006 -20"><span class='ocrx_word' id='word_1_95' title='bbox 430 2160 720 2210; x_wconf 73' lang='lat' dir='ltr'><strong>scerent.</strong></span> <span class='ocrx_word' id='word_1_96' title='bbox 815 2147 1059 2229; x_wconf 85' lang='lat' dir='ltr'><strong>Pagius</strong></span> <span class='ocrx_word' id='word_1_97' title='bbox 1108 2145 1255 2209; x_wconf 86' lang='lat' dir='ltr'><strong>idus</strong></span> <span class='ocrx_word' id='word_1_98' title='bbox 1308 2145 1574 2229; x_wconf 70' lang='lat' dir='ltr'><strong>Apriles</strong></span> <span class='ocrx_word' id='word_1_99' title='bbox 1638 2140 1922 2204; x_wconf 86' lang='lat' dir='ltr'><strong>natalem</strong></span> 
     </span>
     <span class='ocr_line' id='line_1_18' title="bbox 428 2244 1446 2333; baseline -0.001 -24"><span class='ocrx_word' id='word_1_100' title='bbox 428 2248 701 2333; x_wconf 81' lang='lat' dir='ltr'><strong>imperii</strong></span> <span class='ocrx_word' id='word_1_101' title='bbox 732 2249 965 2313; x_wconf 82' lang='lat' dir='ltr'><strong>Severi</strong></span> <span class='ocrx_word' id='word_1_102' title='bbox 991 2247 1328 2311; x_wconf 80' lang='lat' dir='ltr'><strong>constituit</strong></span> <span class='ocrx_word' id='word_1_103' title='bbox 1358 2244 1446 2326; x_wconf 78' lang='lat'><strong>¹²).</strong></span> 
     </span>
    </p>
   </div>
   <div class='ocr_carea' id='block_1_5' title="bbox 440 2454 1928 2738">
    <p class='ocr_par' dir='ltr' id='par_1_5' title="bbox 440 2454 1928 2738">
     <span class='ocr_line' id='line_1_19' title="bbox 785 2454 1597 2519; baseline -0.01 -2"><span class='ocrx_word' id='word_1_104' title='bbox 785 2455 862 2517; x_wconf 81' lang='lat' dir='ltr'><strong>V.</strong></span> <span class='ocrx_word' id='word_1_105' title='bbox 909 2455 974 2515; x_wconf 83' lang='lat' dir='ltr'><strong>C.</strong></span> <span class='ocrx_word' id='word_1_106' title='bbox 1016 2458 1164 2519; x_wconf 68' lang='lat'><strong>946.</strong></span> <span class='ocrx_word' id='word_1_107' title='bbox 1206 2454 1281 2513; x_wconf 86' lang='lat' dir='ltr'><strong>P.</strong></span> <span class='ocrx_word' id='word_1_108' title='bbox 1323 2454 1407 2515; x_wconf 87' lang='lat' dir='ltr'><strong>X.</strong></span> <span class='ocrx_word' id='word_1_109' title='bbox 1458 2457 1597 2514; x_wconf 76' lang='lat'><strong>193.</strong></span> 
     </span>
     <span class='ocr_line' id='line_1_20' title="bbox 586 2548 1785 2652; baseline -0.004 -37"><span class='ocrx_word' id='word_1_110' title='bbox 586 2556 709 2616; x_wconf 73' lang='grc' dir='ltr'><strong><em>ΤΒ.</em></strong></span> <span class='ocrx_word' id='word_1_111' title='bbox 741 2557 939 2652; x_wconf 26' lang='lat' dir='ltr'><strong>Por..</strong></span> <span class='ocrx_word' id='word_1_112' title='bbox 968 2556 1146 2616; x_wconf 84' lang='lat' dir='ltr'><strong>COS.</strong></span> <span class='ocrx_word' id='word_1_113' title='bbox 1182 2554 1379 2616; x_wconf 84' lang='lat' dir='ltr'><strong>DES.</strong></span> <span class='ocrx_word' id='word_1_114' title='bbox 1412 2554 1504 2613; x_wconf 87' lang='lat'><strong>11.</strong></span> <span class='ocrx_word' id='word_1_115' title='bbox 1526 2552 1705 2613; x_wconf 87' lang='grc' dir='ltr'><strong><em>ΙΜΡ.</em></strong></span> <span class='ocrx_word' id='word_1_116' title='bbox 1730 2548 1785 2610; x_wconf 87' lang='lat'><strong>1.</strong></span> 
     </span>
     <span class='ocr_line' id='line_1_21' title="bbox 440 2654 1928 2738; baseline -0.003 -22"><span class='ocrx_word' id='word_1_117' title='bbox 440 2660 518 2732; x_wconf 79' lang='lat' dir='ltr'><strong>Q.</strong></span> <span class='ocrx_word' id='word_1_118' title='bbox 565 2656 758 2718; x_wconf 70' lang='lat' dir='ltr'><strong>Sosio</strong></span> <span class='ocrx_word' id='word_1_119' title='bbox 804 2657 1080 2718; x_wconf 80' lang='lat' dir='ltr'><strong>Falcone</strong></span> <span class='ocrx_word' id='word_1_120' title='bbox 1101 2697 1117 2729; x_wconf 93' lang='lat'>‚</span> <span class='ocrx_word' id='word_1_121' title='bbox 1181 2658 1243 2716; x_wconf 89' lang='lat' dir='ltr'><strong>C.</strong></span> <span class='ocrx_word' id='word_1_122' title='bbox 1284 2656 1456 2716; x_wconf 76' lang='lat' dir='ltr'><strong>Iulio</strong></span> <span class='ocrx_word' id='word_1_123' title='bbox 1492 2654 1755 2738; x_wconf 68' lang='lat' dir='ltr'><strong>¹Erucio</strong></span> <span class='ocrx_word' id='word_1_124' title='bbox 1799 2667 1928 2711; x_wconf 84' lang='lat' dir='ltr'><strong>cos.</strong></span> 
     </span>
    </p>
   </div>
   <div class='ocr_carea' id='block_1_6' title="bbox 440 2849 1938 3650">
    <p class='ocr_par' dir='ltr' id='par_1_6' title="bbox 440 2849 1938 3650">
     <span class='ocr_line' id='line_1_22' title="bbox 566 2849 1935 2920; baseline -0.007 -1"><span class='ocrx_word' id='word_1_125' title='bbox 566 2857 891 2920; x_wconf 68' lang='lat' dir='ltr'><strong>Auctore·</strong></span> <span class='ocrx_word' id='word_1_126' title='bbox 925 2855 1144 2920; x_wconf 87' lang='lat' dir='ltr'><strong>caedis</strong></span> <span class='ocrx_word' id='word_1_127' title='bbox 1160 2855 1523 2920; x_wconf 84' lang='lat' dir='ltr'><strong>Pertinacis</strong></span> <span class='ocrx_word' id='word_1_128' title='bbox 1541 2865 1755 2916; x_wconf 83' lang='lat' dir='ltr'><strong>morte</strong></span> <span class='ocrx_word' id='word_1_129' title='bbox 1770 2849 1935 2912; x_wconf 87' lang='lat' dir='ltr'><strong>mul·</strong></span> 
     </span>
     <span class='ocr_line' id='line_1_23' title="bbox 440 2949 1936 3043; baseline -0.005 -23"><span class='ocrx_word' id='word_1_130' title='bbox 440 2971 578 3033; x_wconf 81' lang='lat' dir='ltr'><strong>tat,</strong></span> <span class='ocrx_word' id='word_1_131' title='bbox 626 2958 870 3022; x_wconf 84' lang='lat' dir='ltr'><strong>accitos</strong></span> <span class='ocrx_word' id='word_1_132' title='bbox 905 2977 990 3020; x_wconf 83' lang='lat' dir='ltr'><strong>ex</strong></span> <span class='ocrx_word' id='word_1_133' title='bbox 1039 2959 1204 3022; x_wconf 85' lang='lat' dir='ltr'><strong>urbe</strong></span> <span class='ocrx_word' id='word_1_134' title='bbox 1236 2956 1688 3043; x_wconf 83' lang='lat' dir='ltr'><strong>praetorianos</strong></span> <span class='ocrx_word' id='word_1_135' title='bbox 1733 2949 1936 3016; x_wconf 87' lang='lat' dir='ltr'><strong>occisi</strong></span> 
     </span>
     <span class='ocr_line' id='line_1_24' title="bbox 444 3051 1937 3137; baseline -0.007 -15"><span class='ocrx_word' id='word_1_136' title='bbox 444 3058 847 3136; x_wconf 72' lang='lat' dir='ltr'><strong>Pertinacis,</strong></span> <span class='ocrx_word' id='word_1_137' title='bbox 924 3072 991 3122; x_wconf 79' lang='lat' dir='ltr'><strong>et</strong></span> <span class='ocrx_word' id='word_1_138' title='bbox 1039 3059 1291 3136; x_wconf 60' lang='lat' dir='ltr'><strong>venditi</strong></span> <span class='ocrx_word' id='word_1_139' title='bbox 1361 3059 1614 3121; x_wconf 88' lang='lat' dir='ltr'><strong>Iuliano</strong></span> <span class='ocrx_word' id='word_1_140' title='bbox 1673 3051 1937 3137; x_wconf 86' lang='lat' dir='ltr'><strong>imperii</strong></span> 
     </span>
     <span class='ocr_line' id='line_1_25' title="bbox 440 3153 1933 3243; baseline -0.005 -19"><span class='ocrx_word' id='word_1_141' title='bbox 440 3180 602 3224; x_wconf 81' lang='lat' dir='ltr'><strong>reos</strong></span> <span class='ocrx_word' id='word_1_142' title='bbox 653 3160 851 3223; x_wconf 87' lang='lat' dir='ltr'><strong>armis</strong></span> <span class='ocrx_word' id='word_1_143' title='bbox 878 3158 1154 3243; x_wconf 86' lang='lat' dir='ltr'><strong>spoliat,</strong></span> <span class='ocrx_word' id='word_1_144' title='bbox 1215 3173 1283 3222; x_wconf 88' lang='lat' dir='ltr'><strong>et</strong></span> <span class='ocrx_word' id='word_1_145' title='bbox 1322 3160 1389 3221; x_wconf 89' lang='lat' dir='ltr'><strong>in</strong></span> <span class='ocrx_word' id='word_1_146' title='bbox 1429 3158 1698 3222; x_wconf 84' lang='lat' dir='ltr'><strong>exilium</strong></span> <span class='ocrx_word' id='word_1_147' title='bbox 1733 3153 1933 3237; x_wconf 84' lang='lat' dir='ltr'><strong>ejicit.</strong></span> 
     </span>
     <span class='ocr_line' id='line_1_26' title="bbox 440 3256 1935 3343; baseline -0.005 -18"><span class='ocrx_word' id='word_1_148' title='bbox 440 3259 799 3343; x_wconf 73' lang='lat' dir='ltr'><strong>Magnifico</strong></span> <span class='ocrx_word' id='word_1_149' title='bbox 841 3263 1190 3336; x_wconf 78' lang='lat' dir='ltr'><strong>comitatu,</strong></span> <span class='ocrx_word' id='word_1_150' title='bbox 1248 3261 1423 3323; x_wconf 83' lang='lat' dir='ltr'><strong>inter</strong></span> <span class='ocrx_word' id='word_1_151' title='bbox 1452 3260 1696 3323; x_wconf 85' lang='lat' dir='ltr'><strong>faustas</strong></span> <span class='ocrx_word' id='word_1_152' title='bbox 1728 3256 1935 3319; x_wconf 86' lang='lat' dir='ltr'><strong>accla-</strong></span> 
     </span>
     <span class='ocr_line' id='line_1_27' title="bbox 440 3358 1938 3446; baseline -0.005 -20"><span class='ocrx_word' id='word_1_153' title='bbox 440 3364 768 3428; x_wconf 80' lang='lat' dir='ltr'><strong>mationes</strong></span> <span class='ocrx_word' id='word_1_154' title='bbox 803 3362 1033 3424; x_wconf 85' lang='lat' dir='ltr'><strong>urbem</strong></span> <span class='ocrx_word' id='word_1_155' title='bbox 1067 3362 1460 3446; x_wconf 80' lang='lat' dir='ltr'><strong>ingreditur.</strong></span> <span class='ocrx_word' id='word_1_156' title='bbox 1490 3359 1806 3426; x_wconf 46' lang='lat' dir='ltr'><strong>*Clodium</strong></span> <span class='ocrx_word' id='word_1_157' title='bbox 1826 3358 1938 3419; x_wconf 83' lang='lat' dir='ltr'><strong>Al·</strong></span> 
     </span>
     <span class='ocr_line' id='line_1_28' title="bbox 443 3449 1936 3528; baseline -0.005 0"><span class='ocrx_word' id='word_1_158' title='bbox 443 3466 671 3528; x_wconf 84' lang='lat' dir='ltr'><strong>binum</strong></span> <span class='ocrx_word' id='word_1_159' title='bbox 727 3449 1104 3528; x_wconf 78' lang='lat' dir='ltr'><strong>Britanniae</strong></span> <span class='ocrx_word' id='word_1_160' title='bbox 1133 3464 1549 3526; x_wconf 78' lang='lat' dir='ltr'><strong>Praefectum</strong></span> <span class='ocrx_word' id='word_1_161' title='bbox 1588 3463 1936 3525; x_wconf 81' lang='lat' dir='ltr'><strong>Caesarem</strong></span> 
     </span>
     <span class='ocr_line' id='line_1_29' title="bbox 444 3562 1936 3650; baseline -0.005 -20"><span class='ocrx_word' id='word_1_162' title='bbox 444 3565 758 3650; x_wconf 83' lang='lat' dir='ltr'><strong>appellat.</strong></span> <span class='ocrx_word' id='word_1_163' title='bbox 841 3565 1136 3628; x_wconf 78' lang='lat' dir='ltr'><strong>Provisis</strong></span> <span class='ocrx_word' id='word_1_164' title='bbox 1178 3564 1378 3627; x_wconf 87' lang='lat' dir='ltr'><strong>rebus</strong></span> <span class='ocrx_word' id='word_1_165' title='bbox 1425 3562 1725 3628; x_wconf 75' lang='lat' dir='ltr'><strong>omnibus</strong></span> <span class='ocrx_word' id='word_1_166' title='bbox 1765 3562 1936 3623; x_wconf 83' lang='lat' dir='ltr'><strong>intra</strong></span> 
     </span>
    </p>
   </div>
   <div class='ocr_carea' id='block_1_7' title="bbox 442 3651 1939 3752">
    <p class='ocr_par' dir='ltr' id='par_1_7' title="bbox 442 3651 1939 3752">
     <span class='ocr_line' id='line_1_30' title="bbox 442 3651 1939 3752; baseline -0.005 -22"><span class='ocrx_word' id='word_1_167' title='bbox 442 3666 861 3752; x_wconf 80' lang='lat' dir='ltr'><strong>trigesimum</strong></span> <span class='ocrx_word' id='word_1_168' title='bbox 910 3665 1124 3743; x_wconf 89' lang='lat' dir='ltr'><strong>diem,</strong></span> <span class='ocrx_word' id='word_1_169' title='bbox 1187 3651 1376 3750; x_wconf 55' lang='lat' dir='ltr'><strong>uuam</strong></span> <span class='ocrx_word' id='word_1_170' title='bbox 1410 3668 1686 3727; x_wconf 80' lang='lat' dir='ltr'>Romam</span> <span class='ocrx_word' id='word_1_171' title='bbox 1740 3680 1939 3726; x_wconf 81' lang='lat' dir='ltr'><strong>vene·</strong></span> 
     </span>
    </p>
   </div>
   <div class='ocr_carea' id='block_1_8' title="bbox 442 3764 1935 3957">
    <p class='ocr_par' dir='ltr' id='par_1_8' title="bbox 442 3764 1935 3957">
     <span class='ocr_line' id='line_1_31' title="bbox 442 3764 1935 3851; baseline -0.004 -19"><span class='ocrx_word' id='word_1_172' title='bbox 442 3784 585 3844; x_wconf 78' lang='lat' dir='ltr'><strong>rat,</strong></span> <span class='ocrx_word' id='word_1_173' title='bbox 630 3769 698 3831; x_wconf 88' lang='lat' dir='ltr'><strong>in</strong></span> <span class='ocrx_word' id='word_1_174' title='bbox 713 3766 1056 3830; x_wconf 82' lang='lat' dir='ltr'><strong>Orientem</strong></span> <span class='ocrx_word' id='word_1_175' title='bbox 1091 3766 1172 3829; x_wconf 87' lang='lat' dir='ltr'><strong>ad</strong></span> <span class='ocrx_word' id='word_1_176' title='bbox 1199 3766 1728 3851; x_wconf 86' lang='lat' dir='ltr'><strong>persequendum</strong></span> <span class='ocrx_word' id='word_1_177' title='bbox 1753 3764 1935 3830; x_wconf 84' lang='lat' dir='ltr'><strong>bello</strong></span> 
     </span>
     <span class='ocr_line' id='line_1_32' title="bbox 451 3867 1377 3957; baseline -0.006 -21"><span class='ocrx_word' id='word_1_178' title='bbox 451 3871 734 3957; x_wconf 81' lang='lat' dir='ltr'><strong>Nigrum</strong></span> <span class='ocrx_word' id='word_1_179' title='bbox 766 3867 1211 3955; x_wconf 80' lang='lat' dir='ltr'><strong>proficiscitur</strong></span> <span class='ocrx_word' id='word_1_180' title='bbox 1242 3868 1323 3946; x_wconf 77' lang='lat'><strong>⁰).</strong></span> <span class='ocrx_word' id='word_1_181' title='bbox 1372 3927 1377 3930; x_wconf 88' lang='lat'><strong>.</strong></span> 
     </span>
    </p>
   </div>
   <div class='ocr_carea' id='block_1_9' title="bbox 446 4071 1939 4444">
    <p class='ocr_par' dir='ltr' id='par_1_9' title="bbox 448 4071 1934 4342">
     <span class='ocr_line' id='line_1_33' title="bbox 448 4071 1934 4139; baseline -0.001 -3"><span class='ocrx_word' id='word_1_182' title='bbox 448 4076 526 4137; x_wconf 83' lang='lat' dir='ltr'><strong>A.</strong></span> <span class='ocrx_word' id='word_1_183' title='bbox 729 4074 905 4135; x_wconf 83' lang='lat' dir='ltr'><strong>IMP.</strong></span> <span class='ocrx_word' id='word_1_184' title='bbox 938 4073 1128 4137; x_wconf 69' lang='grc' dir='ltr'><strong><em>ΘΑΕ.</em></strong></span> <span class='ocrx_word' id='word_1_185' title='bbox 1149 4074 1228 4136; x_wconf 91' lang='lat' dir='ltr'><strong>L.</strong></span> <span class='ocrx_word' id='word_1_186' title='bbox 1253 4073 1436 4135; x_wconf 83' lang='lat' dir='ltr'><strong>SEP.</strong></span> <span class='ocrx_word' id='word_1_187' title='bbox 1475 4071 1934 4139; x_wconf 79' lang='lat' dir='ltr'><strong>SEV-PER&#39;P.</strong></span> 
     </span>
     <span class='ocr_line' id='line_1_34' title="bbox 734 4172 1939 4255; baseline -0.002 -17"><span class='ocrx_word' id='word_1_188' title='bbox 734 4172 936 4242; x_wconf 81' lang='lat' dir='ltr'><strong>AVG.</strong></span> <span class='ocrx_word' id='word_1_189' title='bbox 1037 4178 1237 4255; x_wconf 78' lang='lat' dir='ltr'><strong>Caput</strong></span> <span class='ocrx_word' id='word_1_190' title='bbox 1266 4179 1628 4238; x_wconf 79' lang='lat' dir='ltr'><strong>laureatum</strong></span> <span class='ocrx_word' id='word_1_191' title='bbox 1673 4178 1745 4237; x_wconf 75' lang='lat' dir='ltr'><strong>in</strong></span> <span class='ocrx_word' id='word_1_192' title='bbox 1789 4180 1939 4238; x_wconf 78' lang='lat' dir='ltr'><strong>AV.</strong></span> 
     </span>
     <span class='ocr_line' id='line_1_35' title="bbox 737 4278 1827 4342; baseline -0.006 0"><span class='ocrx_word' id='word_1_193' title='bbox 737 4279 875 4342; x_wconf 74' lang='lat' dir='ltr'><strong>AB</strong></span> <span class='ocrx_word' id='word_1_194' title='bbox 908 4279 1235 4338; x_wconf 71' lang='lat' dir='ltr'><strong>radiatum</strong></span> <span class='ocrx_word' id='word_1_195' title='bbox 1266 4279 1337 4337; x_wconf 77' lang='lat' dir='ltr'><strong>in</strong></span> <span class='ocrx_word' id='word_1_196' title='bbox 1368 4279 1510 4338; x_wconf 82' lang='grc' dir='ltr'><strong>ΑΕ.</strong></span> <span class='ocrx_word' id='word_1_197' title='bbox 1546 4278 1637 4337; x_wconf 90' lang='grc' dir='ltr'><strong><em>ΙΙ.</em></strong></span> <span class='ocrx_word' id='word_1_198' title='bbox 1822 4323 1827 4324; x_wconf 23' lang='lat' dir='ltr'><em>ff</em></span> 
     </span>
    </p>

    <p class='ocr_par' dir='ltr' id='par_1_10' title="bbox 446 4375 1935 4444">
     <span class='ocr_line' id='line_1_36' title="bbox 446 4375 1935 4444; baseline 0.001 -2"><span class='ocrx_word' id='word_1_199' title='bbox 446 4382 528 4442; x_wconf 87' lang='lat' dir='ltr'><strong>B.</strong></span> <span class='ocrx_word' id='word_1_200' title='bbox 732 4378 912 4439; x_wconf 86' lang='grc' dir='ltr'><strong><em>ῙΜΡ.</em></strong></span> <span class='ocrx_word' id='word_1_201' title='bbox 983 4375 1224 4440; x_wconf 82' lang='lat' dir='ltr'><strong>CAES.</strong></span> <span class='ocrx_word' id='word_1_202' title='bbox 1286 4378 1366 4442; x_wconf 92' lang='lat' dir='ltr'><strong>L.</strong></span> <span class='ocrx_word' id='word_1_203' title='bbox 1438 4375 1685 4437; x_wconf 84' lang='lat' dir='ltr'><strong>SEPT.</strong></span> <span class='ocrx_word' id='word_1_204' title='bbox 1746 4376 1935 4444; x_wconf 80' lang='lat' dir='ltr'><strong>SEV.</strong></span> 
     </span>
    </p>
   </div>
   <div class='ocr_carea' id='block_1_10' title="bbox 459 4611 1437 4781">
    <p class='ocr_par' dir='ltr' id='par_1_11' title="bbox 459 4611 1437 4781">
     <span class='ocr_line' id='line_1_37' title="bbox 526 4611 1004 4689; baseline 0 -21"><span class='ocrx_word' id='word_1_205' title='bbox 526 4616 589 4680; x_wconf 77' lang='lat' dir='ltr'><strong>a)</strong></span> <span class='ocrx_word' id='word_1_206' title='bbox 631 4611 827 4689; x_wconf 82' lang='lat' dir='ltr'><strong>Spart.</strong></span> <span class='ocrx_word' id='word_1_207' title='bbox 869 4633 919 4670; x_wconf 88' lang='lat' dir='ltr'><strong>c.</strong></span> <span class='ocrx_word' id='word_1_208' title='bbox 951 4623 1004 4674; x_wconf 73' lang='grc' dir='ltr'><strong>ἔν.</strong></span> 
     </span>
     <span class='ocr_line' id='line_1_38' title="bbox 459 4700 1437 4781; baseline -0.001 -23"><span class='ocrx_word' id='word_1_209' title='bbox 459 4703 600 4761; x_wconf 79' lang='lat' dir='ltr'><strong>tiau.</strong></span> <span class='ocrx_word' id='word_1_210' title='bbox 751 4701 822 4776; x_wconf 85' lang='lat' dir='ltr'><strong>d)</strong></span> <span class='ocrx_word' id='word_1_211' title='bbox 865 4701 1101 4781; x_wconf 74' lang='lat' dir='ltr'><strong>Sylloge</strong></span> <span class='ocrx_word' id='word_1_212' title='bbox 1134 4700 1180 4760; x_wconf 85' lang='grc' dir='ltr'><strong><em>Ι.</em></strong></span> <span class='ocrx_word' id='word_1_213' title='bbox 1217 4720 1280 4778; x_wconf 83' lang='lat' dir='ltr'><strong>p.</strong></span> <span class='ocrx_word' id='word_1_214' title='bbox 1313 4711 1437 4765; x_wconf 82' lang='lat'><strong>103.</strong></span> 
     </span>
    </p>
   </div>
   <div class='ocr_carea' id='block_1_11' title="bbox 1135 4611 2047 4690">
    <p class='ocr_par' dir='ltr' id='par_1_12' title="bbox 1135 4611 2047 4690">
     <span class='ocr_line' id='line_1_39' title="bbox 1135 4611 2047 4690; baseline 0.001 -22"><span class='ocrx_word' id='word_1_215' title='bbox 1135 4611 1204 4685; x_wconf 83' lang='lat' dir='ltr'><strong>b)</strong></span> <span class='ocrx_word' id='word_1_216' title='bbox 1246 4611 1447 4671; x_wconf 79' lang='lat' dir='ltr'><strong>Critic.</strong></span> <span class='ocrx_word' id='word_1_217' title='bbox 1488 4611 1555 4670; x_wconf 84' lang='lat' dir='ltr'><strong>T.</strong></span> <span class='ocrx_word' id='word_1_218' title='bbox 1596 4611 1640 4672; x_wconf 90' lang='lat' dir='ltr'><strong>I.</strong></span> <span class='ocrx_word' id='word_1_219' title='bbox 1681 4632 1739 4690; x_wconf 88' lang='lat' dir='ltr'><strong>p.</strong></span> <span class='ocrx_word' id='word_1_220' title='bbox 1775 4620 1895 4675; x_wconf 72' lang='lat'><strong>184.</strong></span> <span class='ocrx_word' id='word_1_221' title='bbox 1927 4621 2047 4686; x_wconf 84' lang='lat'><strong>189.</strong></span> 
     </span>
    </p>
   </div>
   <div class='ocr_carea' id='block_1_12' title="bbox 3385 450 3521 529">
    <p class='ocr_par' dir='ltr' id='par_1_13' title="bbox 3385 450 3521 529">
     <span class='ocr_line' id='line_1_40' title="bbox 3385 450 3521 529; baseline 0.029 -4"><span class='ocrx_word' id='word_1_222' title='bbox 3385 450 3521 529; x_wconf 73' lang='lat'><strong>167</strong></span> 
     </span>
    </p>
   </div>
   <div class='ocr_carea' id='block_1_13' title="bbox 2041 623 3539 1297">
    <p class='ocr_par' dir='ltr' id='par_1_14' title="bbox 2041 623 3539 1297">
     <span class='ocr_line' id='line_1_41' title="bbox 2322 623 3530 709; baseline 0.005 -21"><span class='ocrx_word' id='word_1_223' title='bbox 2322 623 2578 702; x_wconf 67' lang='lat' dir='ltr'><strong>PERT.</strong></span> <span class='ocrx_word' id='word_1_224' title='bbox 2616 623 2818 693; x_wconf 77' lang='lat' dir='ltr'><strong>AVG.</strong></span> <span class='ocrx_word' id='word_1_225' title='bbox 2852 626 3026 689; x_wconf 78' lang='lat' dir='ltr'><strong>lMP.</strong></span> <span class='ocrx_word' id='word_1_226' title='bbox 3066 628 3124 687; x_wconf 72' lang='lat'><strong>1:</strong></span> <span class='ocrx_word' id='word_1_227' title='bbox 3166 631 3366 709; x_wconf 80' lang='lat' dir='ltr'><strong>Caput</strong></span> <span class='ocrx_word' id='word_1_228' title='bbox 3389 633 3530 694; x_wconf 75' lang='lat' dir='ltr'><strong>lau·</strong></span> 
     </span>
     <span class='ocr_line' id='line_1_42' title="bbox 2220 729 2941 789; baseline 0.006 -4"><span class='ocrx_word' id='word_1_229' title='bbox 2220 753 2229 758; x_wconf 45' lang='lat'>⁴</span> <span class='ocrx_word' id='word_1_230' title='bbox 2323 736 2572 787; x_wconf 79' lang='lat' dir='ltr'><strong>reatum</strong></span> <span class='ocrx_word' id='word_1_231' title='bbox 2602 729 2673 786; x_wconf 77' lang='lat' dir='ltr'><strong>in</strong></span> <span class='ocrx_word' id='word_1_232' title='bbox 2709 730 2849 787; x_wconf 85' lang='grc' dir='ltr'><strong>ΑΕ.</strong></span> <span class='ocrx_word' id='word_1_233' title='bbox 2888 730 2941 789; x_wconf 85' lang='lat' dir='ltr'><strong>J.</strong></span> 
     </span>
     <span class='ocr_line' id='line_1_43' title="bbox 2041 819 3539 897; baseline 0.005 -9"><span class='ocrx_word' id='word_1_234' title='bbox 2041 826 2117 889; x_wconf 87' lang='lat' dir='ltr'><strong>c.</strong></span> <span class='ocrx_word' id='word_1_235' title='bbox 2320 827 2398 888; x_wconf 85' lang='lat'><strong>1..</strong></span> <span class='ocrx_word' id='word_1_236' title='bbox 2443 825 2716 890; x_wconf 70' lang='lat' dir='ltr'><strong>sEP&#39;r.</strong></span> <span class='ocrx_word' id='word_1_237' title='bbox 2766 829 2958 895; x_wconf 82' lang='lat' dir='ltr'><strong>sEv.</strong></span> <span class='ocrx_word' id='word_1_238' title='bbox 3015 819 3539 897; x_wconf 64' lang='lat' dir='ltr'><strong>PERT.·AVG.⁴</strong></span> 
     </span>
     <span class='ocr_line' id='line_1_44' title="bbox 2326 926 3525 1010; baseline 0.005 -23"><span class='ocrx_word' id='word_1_239' title='bbox 2326 926 2503 987; x_wconf 84' lang='lat' dir='ltr'><strong>lMP.</strong></span> <span class='ocrx_word' id='word_1_240' title='bbox 2547 929 2596 989; x_wconf 90' lang='lat'><strong>1.</strong></span> <span class='ocrx_word' id='word_1_241' title='bbox 2646 931 2849 1010; x_wconf 76' lang='lat' dir='ltr'><strong>Caput</strong></span> <span class='ocrx_word' id='word_1_242' title='bbox 2894 936 3250 996; x_wconf 75' lang='lat' dir='ltr'><strong>laureatum</strong></span> <span class='ocrx_word' id='word_1_243' title='bbox 3287 938 3360 995; x_wconf 74' lang='lat' dir='ltr'><strong>in</strong></span> <span class='ocrx_word' id='word_1_244' title='bbox 3388 940 3525 998; x_wconf 81' lang='lat' dir='ltr'><strong>AB.</strong></span> 
     </span>
     <span class='ocr_line' id='line_1_45' title="bbox 2317 1029 3527 1104; baseline 0.009 -17"><span class='ocrx_word' id='word_1_245' title='bbox 2317 1029 2494 1091; x_wconf 84' lang='lat' dir='ltr'><strong>IMP.</strong></span> <span class='ocrx_word' id='word_1_246' title='bbox 2524 1029 2711 1091; x_wconf 84' lang='lat' dir='ltr'><strong>CAE.</strong></span> <span class='ocrx_word' id='word_1_247' title='bbox 2745 1033 2821 1093; x_wconf 89' lang='lat' dir='ltr'><strong>L.</strong></span> <span class='ocrx_word' id='word_1_248' title='bbox 2846 1034 3027 1096; x_wconf 84' lang='lat' dir='ltr'><strong>SEP.</strong></span> <span class='ocrx_word' id='word_1_249' title='bbox 3063 1037 3247 1104; x_wconf 83' lang='lat' dir='ltr'><strong>SEV.</strong></span> <span class='ocrx_word' id='word_1_250' title='bbox 3268 1037 3527 1098; x_wconf 82' lang='lat' dir='ltr'><strong>PER&#39;l&#39;.</strong></span> 
     </span>
     <span class='ocr_line' id='line_1_46' title="bbox 2316 1129 3531 1216; baseline 0.008 -25"><span class='ocrx_word' id='word_1_251' title='bbox 2316 1129 2520 1198; x_wconf 79' lang='lat' dir='ltr'><strong>AVG.</strong></span> <span class='ocrx_word' id='word_1_252' title='bbox 2566 1130 2754 1195; x_wconf 85' lang='lat' dir='ltr'><strong>COS.</strong></span> <span class='ocrx_word' id='word_1_253' title='bbox 2802 1136 2850 1196; x_wconf 89' lang='lat'><strong>1.</strong></span> <span class='ocrx_word' id='word_1_254' title='bbox 2934 1139 3133 1216; x_wconf 79' lang='lat' dir='ltr'><strong>Caput</strong></span> <span class='ocrx_word' id='word_1_255' title='bbox 3173 1138 3531 1203; x_wconf 78' lang='lat' dir='ltr'><strong>laureatum</strong></span> 
     </span>
     <span class='ocr_line' id='line_1_47' title="bbox 2321 1234 2823 1297; baseline 0.004 -2"><span class='ocrx_word' id='word_1_256' title='bbox 2321 1234 2393 1295; x_wconf 74' lang='lat' dir='ltr'><strong>in</strong></span> <span class='ocrx_word' id='word_1_257' title='bbox 2416 1235 2561 1296; x_wconf 78' lang='lat' dir='ltr'><strong>AV.</strong></span> <span class='ocrx_word' id='word_1_258' title='bbox 2588 1244 2655 1296; x_wconf 84' lang='lat' dir='ltr'><strong>et</strong></span> <span class='ocrx_word' id='word_1_259' title='bbox 2686 1238 2823 1297; x_wconf 79' lang='lat' dir='ltr'><strong>AB.</strong></span> 
     </span>
    </p>
   </div>
   <div class='ocr_carea' id='block_1_14' title="bbox 2036 1435 3628 2432">
    <p class='ocr_par' dir='ltr' id='par_1_15' title="bbox 2036 1435 3628 2432">
     <span class='ocr_line' id='line_1_48' title="bbox 2162 1435 3529 1525; baseline 0.004 -27"><span class='ocrx_word' id='word_1_260' title='bbox 2162 1435 2829 1499; x_wconf 75' lang='lat' dir='ltr'><strong>Animadvertendum</strong></span> <span class='ocrx_word' id='word_1_261' title='bbox 2860 1437 2940 1501; x_wconf 87' lang='lat' dir='ltr'><strong>ad</strong></span> <span class='ocrx_word' id='word_1_262' title='bbox 2957 1460 3211 1515; x_wconf 83' lang='lat' dir='ltr'><strong>numos,</strong></span> <span class='ocrx_word' id='word_1_263' title='bbox 3258 1441 3370 1524; x_wconf 88' lang='lat' dir='ltr'><strong>qui</strong></span> <span class='ocrx_word' id='word_1_264' title='bbox 3395 1440 3529 1525; x_wconf 82' lang='lat' dir='ltr'><strong>pri-</strong></span> 
     </span>
     <span class='ocr_line' id='line_1_49' title="bbox 2037 1531 3530 1625; baseline 0.004 -27"><span class='ocrx_word' id='word_1_265' title='bbox 2037 1537 2160 1599; x_wconf 84' lang='lat' dir='ltr'><strong>mis</strong></span> <span class='ocrx_word' id='word_1_266' title='bbox 2210 1538 2443 1602; x_wconf 83' lang='lat' dir='ltr'><strong>Severi</strong></span> <span class='ocrx_word' id='word_1_267' title='bbox 2488 1537 2670 1598; x_wconf 86' lang='lat' dir='ltr'><strong>annis</strong></span> <span class='ocrx_word' id='word_1_268' title='bbox 2707 1538 2858 1601; x_wconf 83' lang='lat' dir='ltr'><strong>&#39;ssati</strong></span> <span class='ocrx_word' id='word_1_269' title='bbox 2908 1531 3093 1618; x_wconf 78' lang='lat' dir='ltr'><strong>sunt,</strong></span> <span class='ocrx_word' id='word_1_270' title='bbox 3151 1542 3530 1625; x_wconf 80' lang='lat' dir='ltr'><strong>complures</strong></span> 
     </span>
     <span class='ocr_line' id='line_1_50' title="bbox 2038 1621 3532 1727; baseline 0.005 -27"><span class='ocrx_word' id='word_1_271' title='bbox 2038 1658 2122 1700; x_wconf 80' lang='lat' dir='ltr'><strong>ex</strong></span> <span class='ocrx_word' id='word_1_272' title='bbox 2152 1637 2254 1700; x_wconf 87' lang='lat' dir='ltr'><strong>his</strong></span> <span class='ocrx_word' id='word_1_273' title='bbox 2290 1658 2435 1700; x_wconf 90' lang='lat' dir='ltr'><strong>esse</strong></span> <span class='ocrx_word' id='word_1_274' title='bbox 2461 1638 2749 1701; x_wconf 77' lang='lat' dir='ltr'><strong>fabricae</strong></span> <span class='ocrx_word' id='word_1_275' title='bbox 2787 1639 3108 1717; x_wconf 87' lang='lat' dir='ltr'><strong>rudioris,</strong></span> <span class='ocrx_word' id='word_1_276' title='bbox 3171 1656 3238 1705; x_wconf 89' lang='lat' dir='ltr'><strong>et</strong></span> <span class='ocrx_word' id='word_1_277' title='bbox 3276 1621 3532 1727; x_wconf 73' lang='lat' dir='ltr'><strong>epigra-</strong></span> 
     </span>
     <span class='ocr_line' id='line_1_51' title="bbox 2036 1739 3628 1828; baseline 0.003 -27"><span class='ocrx_word' id='word_1_278' title='bbox 2036 1740 2213 1823; x_wconf 86' lang='lat' dir='ltr'><strong>phen</strong></span> <span class='ocrx_word' id='word_1_279' title='bbox 2260 1760 2455 1823; x_wconf 87' lang='lat' dir='ltr'><strong>saepe</strong></span> <span class='ocrx_word' id='word_1_280' title='bbox 2497 1742 2781 1803; x_wconf 77' lang='lat' dir='ltr'><strong>luxatam</strong></span> <span class='ocrx_word' id='word_1_281' title='bbox 2827 1741 3107 1817; x_wconf 84' lang='lat' dir='ltr'><strong>offerre,</strong></span> <span class='ocrx_word' id='word_1_282' title='bbox 3155 1742 3250 1806; x_wconf 91' lang='lat' dir='ltr'><strong>sic</strong></span> <span class='ocrx_word' id='word_1_283' title='bbox 3286 1757 3356 1806; x_wconf 86' lang='lat' dir='ltr'><strong>ut</strong></span> <span class='ocrx_word' id='word_1_284' title='bbox 3405 1765 3531 1828; x_wconf 79' lang='lat' dir='ltr'><strong>pro</strong></span> <span class='ocrx_word' id='word_1_285' title='bbox 3609 1739 3628 1750; x_wconf 71' lang='grc'><em>’</em></span> 
     </span>
     <span class='ocr_line' id='line_1_52' title="bbox 2036 1843 3532 1931; baseline 0.003 -30"><span class='ocrx_word' id='word_1_286' title='bbox 2036 1843 2298 1902; x_wconf 83' lang='lat' dir='ltr'><strong>PERT.</strong></span> <span class='ocrx_word' id='word_1_287' title='bbox 2342 1862 2473 1903; x_wconf 88' lang='lat' dir='ltr'><strong>non</strong></span> <span class='ocrx_word' id='word_1_288' title='bbox 2523 1861 2675 1931; x_wconf 69' lang='lat' dir='ltr'><strong>raro</strong></span> <span class='ocrx_word' id='word_1_289' title='bbox 2722 1844 3035 1906; x_wconf 86' lang='lat' dir='ltr'><strong>PERCT.</strong></span> <span class='ocrx_word' id='word_1_290' title='bbox 3066 1846 3356 1920; x_wconf 64' lang='lat' dir='ltr'><strong>PRTE„</strong></span> <span class='ocrx_word' id='word_1_291' title='bbox 3420 1859 3532 1907; x_wconf 83' lang='lat' dir='ltr'><strong>aut</strong></span> 
     </span>
     <span class='ocr_line' id='line_1_53' title="bbox 2040 1941 3531 2037; baseline 0.003 -33"><span class='ocrx_word' id='word_1_292' title='bbox 2040 1941 2235 2004; x_wconf 81' lang='lat' dir='ltr'><strong>aliter</strong></span> <span class='ocrx_word' id='word_1_293' title='bbox 2266 1942 2547 2026; x_wconf 86' lang='lat' dir='ltr'><strong>legatur.</strong></span> <span class='ocrx_word' id='word_1_294' title='bbox 2618 1943 2945 2037; x_wconf 75' lang='lat' dir='ltr'><strong>Quocirca</strong></span> <span class='ocrx_word' id='word_1_295' title='bbox 2980 1943 3262 2009; x_wconf 84' lang='lat' dir='ltr'><strong>dubitari</strong></span> <span class='ocrx_word' id='word_1_296' title='bbox 3283 1945 3531 2029; x_wconf 85' lang='lat' dir='ltr'><strong>nequit,</strong></span> 
     </span>
     <span class='ocr_line' id='line_1_54' title="bbox 2041 2043 3531 2131; baseline 0.001 -24"><span class='ocrx_word' id='word_1_297' title='bbox 2041 2063 2157 2107; x_wconf 82' lang='lat' dir='ltr'><strong>eos</strong></span> <span class='ocrx_word' id='word_1_298' title='bbox 2201 2043 2442 2107; x_wconf 86' lang='lat' dir='ltr'><strong>alicubi</strong></span> <span class='ocrx_word' id='word_1_299' title='bbox 2484 2058 2667 2115; x_wconf 72' lang='lat' dir='ltr'><strong>extra</strong></span> <span class='ocrx_word' id='word_1_300' title='bbox 2710 2044 2939 2107; x_wconf 86' lang='lat' dir='ltr'><strong>urbem</strong></span> <span class='ocrx_word' id='word_1_301' title='bbox 2984 2066 3129 2109; x_wconf 85' lang='lat' dir='ltr'><strong>esse</strong></span> <span class='ocrx_word' id='word_1_302' title='bbox 3158 2065 3531 2131; x_wconf 82' lang='lat' dir='ltr'><strong>percussos.</strong></span> 
     </span>
     <span class='ocr_line' id='line_1_55' title="bbox 2041 2145 3542 2230; baseline 0.001 -23"><span class='ocrx_word' id='word_1_303' title='bbox 2041 2145 2358 2227; x_wconf 84' lang='lat' dir='ltr'><strong>Ejusdem</strong></span> <span class='ocrx_word' id='word_1_304' title='bbox 2390 2146 2570 2208; x_wconf 88' lang='lat' dir='ltr'><strong>modi</strong></span> <span class='ocrx_word' id='word_1_305' title='bbox 2585 2161 2734 2208; x_wconf 87' lang='lat' dir='ltr'><strong>sunt</strong></span> <span class='ocrx_word' id='word_1_306' title='bbox 2761 2148 2954 2209; x_wconf 88' lang='lat' dir='ltr'><strong>etiam</strong></span> <span class='ocrx_word' id='word_1_307' title='bbox 2978 2149 3329 2230; x_wconf 86' lang='lat' dir='ltr'><strong>synchroni</strong></span> <span class='ocrx_word' id='word_1_308' title='bbox 3352 2150 3542 2209; x_wconf 84' lang='lat' dir='ltr'><strong>numi</strong></span> 
     </span>
     <span class='ocr_line' id='line_1_56' title="bbox 2042 2246 3534 2333; baseline 0 -23"><span class='ocrx_word' id='word_1_309' title='bbox 2042 2246 2457 2323; x_wconf 86' lang='lat' dir='ltr'><strong>Caracallae‚</strong></span> <span class='ocrx_word' id='word_1_310' title='bbox 2520 2260 2588 2309; x_wconf 86' lang='lat' dir='ltr'><strong>et</strong></span> <span class='ocrx_word' id='word_1_311' title='bbox 2620 2247 2776 2312; x_wconf 80' lang='lat' dir='ltr'><strong>item</strong></span> <span class='ocrx_word' id='word_1_312' title='bbox 2819 2250 3117 2313; x_wconf 88' lang='lat' dir='ltr'><strong>Domnae</strong></span> <span class='ocrx_word' id='word_1_313' title='bbox 3141 2295 3159 2326; x_wconf 91' lang='lat'>‚</span> <span class='ocrx_word' id='word_1_314' title='bbox 3217 2250 3332 2312; x_wconf 87' lang='lat' dir='ltr'><strong>sed</strong></span> <span class='ocrx_word' id='word_1_315' title='bbox 3369 2257 3534 2333; x_wconf 79' lang='lat' dir='ltr'><strong>quos</strong></span> 
     </span>
     <span class='ocr_line' id='line_1_57' title="bbox 2043 2348 3533 2432; baseline 0.003 -23"><span class='ocrx_word' id='word_1_316' title='bbox 2043 2360 2297 2409; x_wconf 86' lang='lat' dir='ltr'><strong>constat</strong></span> <span class='ocrx_word' id='word_1_317' title='bbox 2317 2348 2511 2410; x_wconf 80' lang='lat' dir='ltr'><strong>etiam</strong></span> <span class='ocrx_word' id='word_1_318' title='bbox 2530 2393 2547 2424; x_wconf 89' lang='lat'>‚</span> <span class='ocrx_word' id='word_1_319' title='bbox 2576 2350 2806 2432; x_wconf 83' lang='lat' dir='ltr'><strong>primis</strong></span> <span class='ocrx_word' id='word_1_320' title='bbox 2829 2350 3061 2416; x_wconf 81' lang='lat' dir='ltr'><strong>Severi</strong></span> <span class='ocrx_word' id='word_1_321' title='bbox 3090 2352 3273 2415; x_wconf 83' lang='lat' dir='ltr'><strong>anuis</strong></span> <span class='ocrx_word' id='word_1_322' title='bbox 3293 2351 3533 2414; x_wconf 86' lang='lat' dir='ltr'><strong>malleo</strong></span> 
     </span>
    </p>
   </div>
   <div class='ocr_carea' id='block_1_15' title="bbox 2042 2445 3077 2528">
    <p class='ocr_par' dir='ltr' id='par_1_16' title="bbox 2042 2445 3077 2528">
     <span class='ocr_line' id='line_1_58' title="bbox 2042 2445 3077 2528; baseline 0.012 -22"><span class='ocrx_word' id='word_1_323' title='bbox 2042 2445 2248 2508; x_wconf 82' lang='lat' dir='ltr'><strong>fuisse</strong></span> <span class='ocrx_word' id='word_1_324' title='bbox 2282 2447 2645 2528; x_wconf 75' lang='lat' dir='ltr'><strong>subjectos,</strong></span> <span class='ocrx_word' id='word_1_325' title='bbox 2696 2464 2768 2512; x_wconf 87' lang='lat' dir='ltr'><strong>ut</strong></span> <span class='ocrx_word' id='word_1_326' title='bbox 2800 2451 3077 2518; x_wconf 84' lang='lat' dir='ltr'><strong>dicetur.</strong></span> 
     </span>
    </p>
   </div>
   <div class='ocr_carea' id='block_1_16' title="bbox 2767 2551 2972 2636">
    <p class='ocr_par' dir='ltr' id='par_1_17' title="bbox 2767 2551 2972 2636">
     <span class='ocr_line' id='line_1_59' title="bbox 2767 2551 2807 2589; baseline 0 0"><span class='ocrx_word' id='word_1_327' title='bbox 2767 2551 2807 2589; x_wconf 62' lang='lat'><strong>¹}</strong></span> 
     </span>
     <span class='ocr_line' id='line_1_60' title="bbox 2932 2597 2972 2636; baseline 0 -6"><span class='ocrx_word' id='word_1_328' title='bbox 2932 2597 2972 2636; x_wconf 57' lang='lat' dir='ltr'>fi</span> 
     </span>
    </p>
   </div>
   <div class='ocr_carea' id='block_1_17' title="bbox 2341 2594 2675 2719">
    <p class='ocr_par' dir='ltr' id='par_1_18' title="bbox 2341 2594 2675 2719">
     <span class='ocr_line' id='line_1_61' title="bbox 2341 2594 2675 2719; baseline 0.009 -6"><span class='ocrx_word' id='word_1_329' title='bbox 2341 2656 2425 2714; x_wconf 65' lang='lat' dir='ltr'><strong>r.</strong></span> <span class='ocrx_word' id='word_1_330' title='bbox 2462 2656 2556 2717; x_wconf 71' lang='lat' dir='ltr'><strong>m.</strong></span> <span class='ocrx_word' id='word_1_331' title='bbox 2591 2594 2675 2719; x_wconf 60' lang='grc' dir='ltr'><strong>Ξ.</strong></span> 
     </span>
    </p>
   </div>
   <div class='ocr_carea' id='block_1_18' title="bbox 1948 2745 3534 2848">
    <p class='ocr_par' dir='ltr' id='par_1_19' title="bbox 1948 2745 3534 2848">
     <span class='ocr_line' id='line_1_62' title="bbox 1948 2745 3534 2848; baseline 0.004 -33"><span class='ocrx_word' id='word_1_332' title='bbox 1948 2775 1955 2778; x_wconf 92' lang='grc'><strong>-</strong></span> <span class='ocrx_word' id='word_1_333' title='bbox 2043 2745 2513 2848; x_wconf 73' lang='lat' dir='ltr'><strong>AEQVITAS.</strong></span> <span class='ocrx_word' id='word_1_334' title='bbox 2550 2758 2630 2816; x_wconf 87' lang='lat'><strong>11.</strong></span> <span class='ocrx_word' id='word_1_335' title='bbox 2674 2760 2909 2819; x_wconf 62' lang='lat' dir='ltr'><strong>Mulier</strong></span> <span class='ocrx_word' id='word_1_336' title='bbox 2925 2768 3104 2819; x_wconf 64' lang='lat' dir='ltr'><strong>etam</strong></span> <span class='ocrx_word' id='word_1_337' title='bbox 3116 2762 3180 2819; x_wconf 83' lang='lat' dir='ltr'><strong>d.</strong></span> <span class='ocrx_word' id='word_1_338' title='bbox 3201 2760 3534 2833; x_wconf 65' lang='lat' dir='ltr'><strong>ailonem,</strong></span> 
     </span>
    </p>
   </div>
   <div class='ocr_carea' id='block_1_19' title="bbox 2048 2858 3544 4056">
    <p class='ocr_par' dir='ltr' id='par_1_20' title="bbox 2048 2858 3538 3035">
     <span class='ocr_line' id='line_1_63' title="bbox 2048 2858 3538 2940; baseline 0.005 -24"><span class='ocrx_word' id='word_1_339' title='bbox 2048 2878 2100 2918; x_wconf 75' lang='lat' dir='ltr'><strong>s.</strong></span> <span class='ocrx_word' id='word_1_340' title='bbox 2135 2859 2578 2934; x_wconf 73' lang='lat' dir='ltr'><strong>cornucopiae.</strong></span> <span class='ocrx_word' id='word_1_341' title='bbox 2623 2859 2766 2919; x_wconf 83' lang='lat' dir='ltr'><strong>AR.</strong></span> <span class='ocrx_word' id='word_1_342' title='bbox 2808 2858 3012 2940; x_wconf 82' lang='lat' dir='ltr'><strong>(Mus.</strong></span> <span class='ocrx_word' id='word_1_343' title='bbox 3050 2861 3233 2922; x_wconf 88' lang='lat' dir='ltr'><strong>Caes.</strong></span> <span class='ocrx_word' id='word_1_344' title='bbox 3271 2873 3338 2922; x_wconf 78' lang='lat' dir='ltr'><strong>et</strong></span> <span class='ocrx_word' id='word_1_345' title='bbox 3369 2880 3538 2923; x_wconf 85' lang='lat' dir='ltr'><strong>com.</strong></span> 
     </span>
     <span class='ocr_line' id='line_1_64' title="bbox 2053 2954 2443 3035; baseline -0.008 -18"><span class='ocrx_word' id='word_1_346' title='bbox 2053 2954 2136 3018; x_wconf 86' lang='lat' dir='ltr'><strong>de</strong></span> <span class='ocrx_word' id='word_1_347' title='bbox 2172 2954 2443 3035; x_wconf 81' lang='lat' dir='ltr'><strong>Vitzai.)</strong></span> 
     </span>
    </p>

    <p class='ocr_par' dir='ltr' id='par_1_21' title="bbox 2048 3056 3544 4056">
     <span class='ocr_line' id='line_1_65' title="bbox 2165 3056 3538 3142; baseline 0.004 -23"><span class='ocrx_word' id='word_1_348' title='bbox 2165 3056 2580 3142; x_wconf 79' lang='lat' dir='ltr'><strong>singularem</strong></span> <span class='ocrx_word' id='word_1_349' title='bbox 2591 3059 2767 3125; x_wconf 86' lang='lat' dir='ltr'><strong>hunc</strong></span> <span class='ocrx_word' id='word_1_350' title='bbox 2781 3081 3047 3124; x_wconf 88' lang='lat' dir='ltr'><strong>numum</strong></span> <span class='ocrx_word' id='word_1_351' title='bbox 3068 3061 3224 3123; x_wconf 89' lang='lat' dir='ltr'><strong>olim</strong></span> <span class='ocrx_word' id='word_1_352' title='bbox 3241 3060 3419 3124; x_wconf 87' lang='lat' dir='ltr'><strong>edidi</strong></span> <span class='ocrx_word' id='word_1_353' title='bbox 3451 3059 3538 3140; x_wconf 74' lang='grc' dir='ltr'><strong>ἆ).</strong></span> 
     </span>
     <span class='ocr_line' id='line_1_66' title="bbox 2054 3156 3541 3247; baseline 0.007 -30"><span class='ocrx_word' id='word_1_354' title='bbox 2054 3156 2278 3240; x_wconf 74' lang='lat' dir='ltr'><strong>Offert</strong></span> <span class='ocrx_word' id='word_1_355' title='bbox 2324 3158 2382 3219; x_wconf 90' lang='lat' dir='ltr'><strong>is</strong></span> <span class='ocrx_word' id='word_1_356' title='bbox 2420 3160 2830 3245; x_wconf 77' lang='lat' dir='ltr'><strong>Aequitatem</strong></span> <span class='ocrx_word' id='word_1_357' title='bbox 2874 3163 3187 3247; x_wconf 83' lang='lat' dir='ltr'><strong>perinde,</strong></span> <span class='ocrx_word' id='word_1_358' title='bbox 3248 3183 3323 3227; x_wconf 89' lang='lat' dir='ltr'><strong>ac</strong></span> <span class='ocrx_word' id='word_1_359' title='bbox 3376 3163 3541 3228; x_wconf 86' lang='lat' dir='ltr'><strong>libc-</strong></span> 
     </span>
     <span class='ocr_line' id='line_1_67' title="bbox 2049 3257 3542 3352; baseline 0.006 -33"><span class='ocrx_word' id='word_1_360' title='bbox 2049 3257 2374 3321; x_wconf 84' lang='lat' dir='ltr'><strong>ralitatem</strong></span> <span class='ocrx_word' id='word_1_361' title='bbox 2427 3281 2551 3343; x_wconf 84' lang='lat' dir='ltr'><strong>per</strong></span> <span class='ocrx_word' id='word_1_362' title='bbox 2591 3276 2902 3326; x_wconf 78' lang='lat' dir='ltr'><strong>numeros</strong></span> <span class='ocrx_word' id='word_1_363' title='bbox 2959 3265 3319 3350; x_wconf 78' lang='lat' dir='ltr'><strong>digestam,</strong></span> <span class='ocrx_word' id='word_1_364' title='bbox 3364 3267 3542 3352; x_wconf 87' lang='lat' dir='ltr'><strong>quod</strong></span> 
     </span>
     <span class='ocr_line' id='line_1_68' title="bbox 2048 3360 3543 3451; baseline 0.006 -31"><span class='ocrx_word' id='word_1_365' title='bbox 2048 3378 2267 3444; x_wconf 85' lang='lat' dir='ltr'><strong>neque</strong></span> <span class='ocrx_word' id='word_1_366' title='bbox 2285 3360 2714 3427; x_wconf 78' lang='lat' dir='ltr'><strong>Mediobarbo</strong></span> <span class='ocrx_word' id='word_1_367' title='bbox 2733 3410 2749 3440; x_wconf 88' lang='lat'>‚</span> <span class='ocrx_word' id='word_1_368' title='bbox 2796 3386 3009 3451; x_wconf 81' lang='lat' dir='ltr'><strong>neque</strong></span> <span class='ocrx_word' id='word_1_369' title='bbox 3042 3367 3395 3433; x_wconf 82' lang='lat' dir='ltr'><strong>Vaillantio</strong></span> <span class='ocrx_word' id='word_1_370' title='bbox 3415 3367 3543 3429; x_wconf 84' lang='lat' dir='ltr'><strong>fuit</strong></span> 
     </span>
     <span class='ocr_line' id='line_1_69' title="bbox 2051 3460 3541 3552; baseline 0.003 -28"><span class='ocrx_word' id='word_1_371' title='bbox 2051 3460 2494 3528; x_wconf 80' lang='lat' dir='ltr'><strong>observatum.</strong></span> <span class='ocrx_word' id='word_1_372' title='bbox 2552 3467 2802 3532; x_wconf 86' lang='lat' dir='ltr'><strong>Verum</strong></span> <span class='ocrx_word' id='word_1_373' title='bbox 2843 3468 2988 3551; x_wconf 84' lang='lat' dir='ltr'><strong>quis</strong></span> <span class='ocrx_word' id='word_1_374' title='bbox 3035 3467 3120 3529; x_wconf 84' lang='lat' dir='ltr'><strong>sit</strong></span> <span class='ocrx_word' id='word_1_375' title='bbox 3171 3467 3541 3552; x_wconf 81' lang='lat' dir='ltr'><strong>duplicatae</strong></span> 
     </span>
     <span class='ocr_line' id='line_1_70' title="bbox 2050 3560 3542 3654; baseline 0.005 -31"><span class='ocrx_word' id='word_1_376' title='bbox 2050 3560 2246 3644; x_wconf 88' lang='lat' dir='ltr'><strong>hujus</strong></span> <span class='ocrx_word' id='word_1_377' title='bbox 2293 3563 2657 3650; x_wconf 81' lang='lat' dir='ltr'><strong>Aequitatis</strong></span> <span class='ocrx_word' id='word_1_378' title='bbox 2689 3586 2958 3645; x_wconf 88' lang='lat' dir='ltr'><strong>sensus,</strong></span> <span class='ocrx_word' id='word_1_379' title='bbox 3002 3589 3135 3631; x_wconf 89' lang='lat' dir='ltr'><strong>non</strong></span> <span class='ocrx_word' id='word_1_380' title='bbox 3190 3569 3542 3654; x_wconf 79' lang='lat' dir='ltr'><strong>adsequor.</strong></span> 
     </span>
     <span class='ocr_line' id='line_1_71' title="bbox 2050 3664 3540 3756; baseline 0.003 -31"><span class='ocrx_word' id='word_1_381' title='bbox 2050 3664 2267 3725; x_wconf 83' lang='lat' dir='ltr'><strong>Etiam</strong></span> <span class='ocrx_word' id='word_1_382' title='bbox 2332 3667 2504 3729; x_wconf 85' lang='lat' dir='ltr'><strong>alter</strong></span> <span class='ocrx_word' id='word_1_383' title='bbox 2567 3687 2712 3729; x_wconf 86' lang='lat' dir='ltr'><strong>cum</strong></span> <span class='ocrx_word' id='word_1_384' title='bbox 2780 3667 3010 3731; x_wconf 89' lang='lat' dir='ltr'><strong>eadem</strong></span> <span class='ocrx_word' id='word_1_385' title='bbox 3078 3689 3303 3732; x_wconf 82' lang='lat' dir='ltr'><strong>aversa</strong></span> <span class='ocrx_word' id='word_1_386' title='bbox 3326 3714 3344 3744; x_wconf 88' lang='lat'><strong>‚</strong></span> <span class='ocrx_word' id='word_1_387' title='bbox 3421 3668 3540 3756; x_wconf 78' lang='lat' dir='ltr'><strong>sed</strong></span> 
     </span>
     <span class='ocr_line' id='line_1_72' title="bbox 2050 3765 3540 3850; baseline 0.005 -26"><span class='ocrx_word' id='word_1_388' title='bbox 2050 3765 2371 3850; x_wconf 74' lang='lat' dir='ltr'><strong>Domnae,</strong></span> <span class='ocrx_word' id='word_1_389' title='bbox 2403 3781 2612 3831; x_wconf 76' lang='lat' dir='ltr'><strong>exstat</strong></span> <span class='ocrx_word' id='word_1_390' title='bbox 2641 3768 2707 3829; x_wconf 91' lang='lat' dir='ltr'><strong>in</strong></span> <span class='ocrx_word' id='word_1_391' title='bbox 2748 3789 2972 3831; x_wconf 88' lang='lat' dir='ltr'><strong>museo</strong></span> <span class='ocrx_word' id='word_1_392' title='bbox 2993 3771 3336 3846; x_wconf 86' lang='lat' dir='ltr'><strong>Caesareo,</strong></span> <span class='ocrx_word' id='word_1_393' title='bbox 3363 3783 3540 3832; x_wconf 88' lang='lat' dir='ltr'><strong>uter-</strong></span> 
     </span>
     <span class='ocr_line' id='line_1_73' title="bbox 2051 3864 3544 3951; baseline 0.003 -25"><span class='ocrx_word' id='word_1_394' title='bbox 2051 3885 2180 3950; x_wconf 87' lang='lat' dir='ltr'><strong>que</strong></span> <span class='ocrx_word' id='word_1_395' title='bbox 2219 3864 2682 3951; x_wconf 86' lang='lat' dir='ltr'><strong>integerrimus</strong></span> <span class='ocrx_word' id='word_1_396' title='bbox 2704 3914 2719 3945; x_wconf 93' lang='lat'>,</span> <span class='ocrx_word' id='word_1_397' title='bbox 2765 3867 2883 3931; x_wconf 87' lang='lat' dir='ltr'><strong>sed</strong></span> <span class='ocrx_word' id='word_1_398' title='bbox 2910 3869 3196 3935; x_wconf 81' lang='lat' dir='ltr'><strong>fabricae</strong></span> <span class='ocrx_word' id='word_1_399' title='bbox 3232 3869 3544 3941; x_wconf 63' lang='lat' dir='ltr'><strong>rudioris.</strong></span> 
     </span>
     <span class='ocr_line' id='line_1_74' title="bbox 2052 3967 3542 4056; baseline -0.003 -22"><span class='ocrx_word' id='word_1_400' title='bbox 2052 3971 2262 4056; x_wconf 86' lang='lat' dir='ltr'><strong>qualis</strong></span> <span class='ocrx_word' id='word_1_401' title='bbox 2300 3967 2591 4032; x_wconf 83' lang='lat' dir='ltr'><strong>dixeram</strong></span> <span class='ocrx_word' id='word_1_402' title='bbox 2621 3989 2768 4033; x_wconf 87' lang='lat' dir='ltr'><strong>esse</strong></span> <span class='ocrx_word' id='word_1_403' title='bbox 2800 3990 3035 4034; x_wconf 85' lang='lat' dir='ltr'><strong>numos</strong></span> <span class='ocrx_word' id='word_1_404' title='bbox 3059 3970 3288 4056; x_wconf 84' lang='lat' dir='ltr'><strong>primis</strong></span> <span class='ocrx_word' id='word_1_405' title='bbox 3307 3971 3542 4034; x_wconf 77' lang='lat' dir='ltr'><strong>Severi</strong></span> 
     </span>
    </p>
   </div>
   <div class='ocr_carea' id='block_1_20' title="bbox 2054 4073 2589 4155">
    <p class='ocr_par' dir='ltr' id='par_1_22' title="bbox 2054 4073 2589 4155">
     <span class='ocr_line' id='line_1_75' title="bbox 2054 4073 2589 4155; baseline -0.01 -19"><span class='ocrx_word' id='word_1_406' title='bbox 2054 4073 2237 4152; x_wconf 73' lang='lat' dir='ltr'><strong>aunis</strong></span> <span class='ocrx_word' id='word_1_407' title='bbox 2273 4073 2589 4155; x_wconf 81' lang='lat' dir='ltr'><strong>signatos.</strong></span> 
     </span>
    </p>
   </div>
   <div class='ocr_carea' id='block_1_21' title="bbox 2780 4171 3110 4256">
    <p class='ocr_par' dir='ltr' id='par_1_23' title="bbox 2780 4171 3110 4256">
     <span class='ocr_line' id='line_1_76' title="bbox 2780 4171 2819 4210; baseline 0 -2"><span class='ocrx_word' id='word_1_408' title='bbox 2780 4171 2819 4210; x_wconf 52' lang='grc' dir='ltr'><strong><em>ξ</em></strong></span> 
     </span>
     <span class='ocr_line' id='line_1_77' title="bbox 2943 4218 3110 4256; baseline 0 -20"><span class='ocrx_word' id='word_1_409' title='bbox 2943 4218 2983 4256; x_wconf 68' lang='grc'><strong>.</strong></span> <span class='ocrx_word' id='word_1_410' title='bbox 3103 4225 3110 4236; x_wconf 82' lang='grc'><strong><em>.</em></strong></span> 
     </span>
    </p>
   </div>
   <div class='ocr_carea' id='block_1_22' title="bbox 2050 4276 3547 4442">
    <p class='ocr_par' dir='ltr' id='par_1_24' title="bbox 2050 4276 3547 4439">
     <span class='ocr_line' id='line_1_78' title="bbox 2342 4276 2924 4337; baseline -0.002 0"><span class='ocrx_word' id='word_1_411' title='bbox 2342 4278 2426 4337; x_wconf 79' lang='lat' dir='ltr'><strong>Vt</strong></span> <span class='ocrx_word' id='word_1_412' title='bbox 2466 4277 2563 4336; x_wconf 72' lang='lat' dir='ltr'><strong>lit.</strong></span> <span class='ocrx_word' id='word_1_413' title='bbox 2590 4276 2672 4336; x_wconf 78' lang='lat' dir='ltr'><strong>A.</strong></span> <span class='ocrx_word' id='word_1_414' title='bbox 2720 4276 2828 4336; x_wconf 78' lang='lat' dir='ltr'><strong>vel</strong></span> <span class='ocrx_word' id='word_1_415' title='bbox 2850 4276 2924 4336; x_wconf 89' lang='lat' dir='ltr'><strong>B.</strong></span> 
     </span>
     <span class='ocr_line' id='line_1_79' title="bbox 2050 4373 3547 4442; baseline -0.001 -3"><span class='ocrx_word' id='word_1_416' title='bbox 2050 4375 2544 4442; x_wconf 74' lang='lat' dir='ltr'><strong>FIDELLEG.</strong></span> <span class='ocrx_word' id='word_1_417' title='bbox 2590 4373 3062 4438; x_wconf 81' lang='lat' dir='ltr'><strong>&#39;1·R.P.COS.</strong></span> <span class='ocrx_word' id='word_1_418' title='bbox 3105 4376 3547 4438; x_wconf 68' lang='lat' dir='ltr'><strong>Mulierstam</strong></span> 
     </span>
    </p>
   </div>
   <div class='ocr_carea' id='block_1_23' title="bbox 2190 4607 3543 4688">
    <p class='ocr_par' dir='ltr' id='par_1_25' title="bbox 2190 4607 3543 4688">
     <span class='ocr_line' id='line_1_80' title="bbox 2190 4607 3543 4688; baseline -0.004 -19"><span class='ocrx_word' id='word_1_419' title='bbox 2190 4612 2250 4684; x_wconf 84' lang='lat' dir='ltr'><strong>c)</strong></span> <span class='ocrx_word' id='word_1_420' title='bbox 2287 4611 2401 4668; x_wconf 88' lang='lat' dir='ltr'><strong>Dio</strong></span> <span class='ocrx_word' id='word_1_421' title='bbox 2434 4609 2499 4669; x_wconf 91' lang='lat' dir='ltr'><strong>L.</strong></span> <span class='ocrx_word' id='word_1_422' title='bbox 2528 4608 2793 4668; x_wconf 84' lang='lat' dir='ltr'><strong>LXXIV.</strong></span> <span class='ocrx_word' id='word_1_423' title='bbox 2834 4612 2883 4683; x_wconf 56' lang='grc' dir='ltr'><strong><em>ᾗ.</em></strong></span> <span class='ocrx_word' id='word_1_424' title='bbox 2916 4623 2968 4671; x_wconf 83' lang='grc' dir='ltr'><strong>ι.</strong></span> <span class='ocrx_word' id='word_1_425' title='bbox 3008 4608 3329 4668; x_wconf 82' lang='lat' dir='ltr'><strong>Herodian.</strong></span> <span class='ocrx_word' id='word_1_426' title='bbox 3365 4607 3543 4688; x_wconf 53' lang='lat' dir='ltr'><strong>Spar:</strong></span> 
     </span>
    </p>
   </div>
  </div>
 </body>
</html>
