4475 5584
1142 462 1283 534 1140
1928 437 2008 508 P.
2055 481 2058 486 ·
2112 429 2654 508 HELVIV'S
2753 427 3424 508 PERTINAX·

2419 729 2546 794 1²12
2564 734 2622 795 Ε
2643 732 2752 796 TI
2765 733 2830 793 V
2840 733 2927 794 M.

1542 933 1883 997 Comum
1927 931 2234 995 Romam‘:

1738 1029 1945 1096 Aurei
2030 1055 3546 1096 ................
3623 1019 3833 1088 BER.

1736 1130 2058 1218 Argentei
2137 1168 3553 1196 ..............
3639 1122 3712 1188 C.

1736 1230 2059 1319 Argentei
2116 1250 2287 1294 max.
2319 1225 2574 1291 formae
2680 1270 3548 1295 .........
3627 1225 3838 1320 ΗΒΕ..

1741 1334 1953 1398 Aenei
2001 1336 2051 1395 1.
2097 1344 2165 1395 et
2206 1331 2290 1394 11.
2330 1328 2586 1393 formae
2668 1366 3540 1397 .........
3631 1326 3704 1392 C·

1742 1435 1957 1499 Aenei
1999 1435 2115 1498 111.
2159 1430 2417 1496 formae
2454 1471 2474 1494 .
2562 1472 2581 1492 .
2672 1472 2693 1497 .
2778 1475 2797 1495 .
2883 1453 2902 1473 ·
2989 1469 3541 1502 ......
3630 1427 3720 1497 Ο.

1538 1539 1886 1602 commatis
1911 1536 2244 1616 perequnz‘
2260 1555 2286 1595 .-

1736 1633 2020 1703 'Vrbium
2063 1634 2502 1712 Graecarum,
2547 1645 2616 1698 et
2657 1630 3064 1699 coloniarum
3096 1676 3115 1696 .
3199 1676 3219 1695 .
3290 1647 3328 1698 ·.
3412 1675 3435 1703 .
3521 1676 3543 1701 .
3628 1634 3715 1697 R.

1739 1732 2173 1800 Alexandrini
2242 1775 3547 1801 .............
3630 1732 3841 1798 RRR.

2008 2045 2084 2108 P.
2169 2043 2384 2109 HEL
2410 2045 2678 2111 7178

1272 2261 1358 2326 Ei
1383 2260 1593 2347 patria
1627 2258 1901 2349 Liguria
1921 2302 1940 2337 ,
1997 2255 2216 2322 natale
2239 2247 2455 2323 solum
2489 2279 2641 2324 auc·

1143 2383 1297 2428 tore
1343 2362 1714 2447 Capitolino
1788 2361 1952 2427 villa
1998 2358 2233 2423 Martis
2296 2361 2367 2422 in
2422 2362 2642 2446 Apen-

1144 2463 1344 2540 nino,
1396 2474 1670 2527 auctore
1700 2463 1920 2526 Dione
1971 2459 2142 2523 Alba
2186 2462 2504 2546 Pompeia
2552 2466 2639 2545 ⁸).

1146 2569 1348 2629 Pater
1386 2561 1665 2628 Helvius
1702 2566 2059 2628 Successus
2087 2562 2302 2624 tenuis
2334 2562 2641 2628 fortunae

1148 2686 1229 2729 ac
1256 2661 1606 2727 libertinus
1650 2663 1996 2750 lignarium
2042 2662 2113 2724 in
2139 2663 2412 2746 Liguria
2443 2685 2650 2749 nego·

1147 2766 1497 2827 tiationem·
1508 2766 1808 2831 exercuit
1830 2810 1849 2843 ,
1895 2779 2090 2850 atque
2109 2763 2328 2827 eidem
2355 2764 2645 2829 etfilium

1150 2864 1468 2951 applicuit
1495 2860 1582 2944 b).
1656 2869 1806 2930 Hoc
1855 2879 2085 2950 patre,
2154 2880 2222 2929 et
2268 2866 2336 2928 in
2382 2866 2647 2930 fortuna

1146 2981 1281 3031 tam
1311 2967 1494 3030 tenui
1521 2981 1710 3030 natus
1746 2981 1846 3031 est
1879 2985 2049 3031 anno
2081 2967 2162 3036 V.
2207 2968 2280 3029 C.
2313 2968 2439 3050 879
2492 2969 2648 3032 Kal.

1151 3066 1435 3151 Augusti
1466 3067 1548 3147 c).
1628 3070 1764 3131 Cur
1798 3073 2111 3131 Pertinax
2160 3069 2373 3132 <lictus
2418 3070 2645 3146 fuerit,

1148 3187 1379 3230 causas
1430 3164 1701 3252 quidem
1748 3168 2054 3232 adferunt
2116 3171 2525 3252 Capitolinus
2556 3167 2643 3252 d),

1150 3287 1223 3335 et
1266 3272 1503 3339 Victor
1531 3271 1624 3353 Β),
1670 3267 1787 3332 sed
1818 3290 1975 3354 quas
2011 3267 2185 3329 inter
2220 3269 2424 3354 nugas
2458 3291 2650 3354 repe-

1152 3373 1390 3435 sueris.
1461 3371 1724 3435 Relicta
1802 3389 1951 3432 cum
2007 3366 2321 3431 illiberali
2385 3370 2647 3454 opificio

1150 3471 1366 3557 patria
1400 3472 1744 3535 literarum
1792 3467 2022 3531 studiis
2058 3470 2343 3552 primum
2376 3472 2647 3549 vacavit,

1154 3593 1312 3636 mox
1362 3570 1638 3635 militiae
1696 3583 1936 3634 nomen
1972 3567 2191 3647 dedit,
2253 3584 2450 3656 atque
2486 3573 2651 3635 rein

1157 3671 1459 3750 Parthia,
1502 3671 1874 3746 Britannia,
1930 3671 2182 3752 Norico
2242 3670 2414 3735 bene
2467 3686 2652 3758 gesta

1156 3797 1195 3837 a
1233 3777 1461 3838 Marco
1493 3772 1788 3836 adlectus
1813 3771 1987 3833 inter
2019 3787 2376 3850 senatores,
2413 3773 2652 3838 deinde

1155 3888 1502 3959 praetura,
1590 3870 1876 3958 denique
1960 3874 2307 3938 consulatu
2376 3874 2651 3940 donatus

1150 3989 1259 4041 est
1298 3971 1387 4057 (),
1434 3974 1516 4037 de
1548 3973 1734 4057 cujus
1763 3987 2099 4059 tempore,
2162 3974 2470 4060 quoniam
2521 3976 2656 4041 suf-

1153 4075 1373 4150 fectus
1408 4076 1465 4138 is
1513 4074 1678 4151 fuit,
1746 4094 2030 4161 eumque
2061 4076 2296 4140 absens
2333 4077 2536 4160 gessit
2565 4078 2651 4160 ε),

1157 4197 1293 4241 non
1353 4190 1609 4243 constat
1666 4174 1936 4261 liquido.
2020 4181 2227 4241 Recta
2292 4177 2414 4240 sub
2461 4181 2657 4245 Com·

1158 4279 1363 4341 modo
1393 4277 1764 4353 Britannia,
1815 4298 1901 4341 ac
1934 4277 2212 4342 subinde
2247 4277 2512 4359 Africa,
2572 4281 2653 4346 ab

1274 4508 1339 4576 a)
1374 4506 1442 4564 L.
1498 4503 1765 4562 LXXIII.
1803 4505 1854 4576 §.
1883 4514 1939 4567 ὅ.

1166 4593 1238 4666 ἆ)
1277 4594 1340 4650 in
1378 4593 1596 4653 Pertin.
1635 4592 1765 4651 sub.
1804 4591 1931 4649 init.

1156 4682 1400 4761 pitolin.
1440 4702 1490 4742 c.
1522 4689 1577 4746 4.

2157 4501 2227 4577 b)
2268 4504 2592 4581 Capitolia·
2627 4524 2681 4586 e.

2077 4594 2137 4667 e)
2177 4592 2241 4650 in
2271 4594 2560 4670 Epitome.

1727 4682 1779 4756 i)
1818 4681 1899 4745 V.
1929 4683 2168 4754 fastos,
2208 4693 2269 4742 et
2301 4683 2623 4743 Gruterum
2654 4703 2790 4764 pag.
2831 4685 2984 4749 LVI.
3016 4696 3079 4752 4.

2756 2049 3370 2115 PERTINAX.

2756 2257 2884 2325 hoc
2902 2262 3182 2324 Romam
3222 2245 3556 2337 evocatus,
3599 2269 3669 2323 et
3697 2256 4071 2344 praefectus
4088 2254 4225 2317 urbi

2755 2362 3146 2427 constitutus
3171 2374 3279 2425 est
3307 2363 3371 2442 h)
3394 2405 3412 2438 ,
3458 2373 3654 2446 atque
3683 2360 3814 2424 etsi
3835 2355 4089 2424 muneri
4116 2375 4222 2418 suo

2756 2474 2978 2525 sancte
3037 2462 3429 2548 integreque
3487 2472 3830 2545 praeesset
3849 2506 3867 2537 ,
3933 2463 4223 2545 probatus

2755 2577 2976 2628 tamen
3026 2561 3316 2646 pessimo
3357 2560 3743 2646 imperatori
3799 2561 3960 2643 suit,
4033 2585 4067 2626 a
4108 2580 4225 2647 quo
4333 2599 4354 2618 .

2759 2663 3037 2748 conlega
3068 2661 3135 2723 in
3168 2675 3506 2747 postremo
3550 2680 3669 2724 suo
3699 2664 4043 2728 consulatu
4056 2662 4188 2731 Vn.
4207 2706 4224 2737 ,

2759 2776 2955 2848 atque
2986 2784 3111 2824 una
3139 2776 3477 2846 postremo
3502 2760 3674 2829 vitae
3709 2783 3882 2829 anno
3898 2765 3978 2834 V.
4016 2763 4086 2828 c,
4115 2761 4228 2846 945

2761 2878 2863 2928 est
2902 2863 3190 2928 adscitus
3225 2863 3369 2948 ipse
3415 2863 3646 2928 consul
3674 2866 3758 2925 11.
3802 2861 3872 2948 ἰ).
3955 2862 4230 2949 Hocpri·

2761 2965 2869 3027 die
2908 2964 3058 3027 Kal.
3093 2966 3227 3027 Ian.
3265 2963 3386 3027 sub
3417 2975 3681 3027 noctem
3711 2983 3909 3029 caeso
3933 2986 4079 3030 cum
4094 2984 4229 3029 con·

2759 3064 2958 3148 jurati
3015 3066 3260 3128 Laetus
3306 3064 3681 3148 praefectus
3739 3065 4110 3152 praetorio,
4170 3076 4230 3128 et

2760 3167 3034 3231 Electus
3098 3166 3538 3230 cubicularius
3598 3155 3938 3232 hominem
3986 3184 4228 3252 gravem

2761 3288 2838 3331 ac
2868 3266 3160 3330 sobrium
3191 3268 3805 3351 circumspicerent,
3850 3287 4044 3355 quem
4076 3287 4229 3334 sum·

2762 3389 2907 3431 mae
2933 3369 3034 3431 rei
3053 3361 3504 3447 admoverent,
3551 3369 3788 3434 eadem
3817 3369 4029 3435 adhuc
4052 3382 4229 3434 nocte

2739 3470 3181 3560 ‘Pertinacem
3249 3467 3661 3553 praefectum
3722 3471 3948 3549 urbis,
3999 3490 4229 3544 eorum,

2765 3592 2934 3656 quae
2965 3569 3304 3645 accidere,
3349 3569 3628 3635 inscium
3663 3572 3844 3652 (nam
3902 3574 4066 3637 falso
4095 3591 4231 3635 con·

2766 3673 2975 3735 scium
3029 3671 3233 3734 fuisse
3286 3670 3506 3735 caedis
3553 3673 3923 3757 suspicatur
3947 3671 4229 3758 Capitoli·

2763 3794 2887 3835 nus
2920 3773 2985 3855 k)
3013 3817 3031 3849 ,
3101 3785 3170 3836 et
3225 3772 3440 3856 palam
3506 3773 3752 3839 adserit
3819 3776 4097 3839 Iulianus
4147 3770 4225 3851 ι),

2764 3871 3028 3951 adeunt,
3074 3873 3315 3957 diuque
3336 3874 3795 3952 reluctantem,
3834 3879 4229 3961 atque‘aegre

2770 3974 3032 4037 demum
3048 3994 3428 4058 persuasum
3445 3975 3728 4060 primum
3743 3975 3812 4038 in
3827 3992 4052 4055 castra,
4072 3976 4230 4039 dein·

2770 4076 2853 4139 de
2881 4079 2949 4139 in
2985 4073 3281 4139 senatum
3310 4075 3675 4154 deducunt,
3715 4067 3773 4140 ‘a
3799 4097 3928 4162 quo
3980 4089 4231 4163 propter

2767 4175 3113 4241 Commodi
3135 4177 3381 4254 odium,
3422 4191 3490 4240 et
3507 4177 3894 4242 meritorum
3915 4199 4097 4242 causa
4114 4178 4232 4241 Au·

2770 4293 2998 4366 gustus
3049 4279 3224 4343 inter
3269 4278 3549 4374 i'austas,
3607 4294 3675 4343 et
3720 4282 4004 4344 sinceras
4029 4276 4228 4342 adcla-

2709 4518 2741 4566 1
2781 4519 2839 4565 et
2873 4518 2929 4572 3.
3119 4509 3183 4584 c)
3221 4506 3377 4576 lbid.
3415 4527 3464 4566 c.
3497 4518 3586 4573 15.
3640 4508 3955 4568 Kalendar.
3990 4499 4232 4570 vindob.

2698 4593 2755 4668 ί)
2796 4595 3117 4674 Capitolia.
3158 4615 3208 4656 c.
3237 4608 3292 4657 2.
3437 4599 3503 4674 g)
3544 4596 3690 4657 ibid.
3730 4618 3780 4656 c.
3817 4610 3873 4664 3.
4028 4596 4097 4670 h)
4131 4595 4229 4654 Ca·

3220 4686 3290 4759 k)
3328 4686 3455 4766 Cap
3505 4693 3566 4750 4.
3709 4686 3760 4761 l)
3800 4687 3862 4748 in
3879 4681 4164 4750 Caesarib.
