4475 5584
1096 432 1251 515 326.

1095 629 1205 691 te,
1250 628 1318 678 et
1362 613 1590 681 eadem
1640 632 1908 690 aversa,
1953 634 2104 678 cum
2145 628 2366 678 tamen
2400 630 2589 700 prae·

1094 716 1391 782 cedentis
1434 716 1699 800 imperii
1754 716 1972 780 nullos'
2031 715 2226 800 hujus
2283 716 2585 780 coloniae

1093 838 1329 891 numos
1362 817 1737 881 habeamus.
1804 815 2414 900 Reprehendendus
2455 817 2584 882 hoc

1092 918 1248 983 loco
1299 918 1530 1002 ingens
1575 919 1833 982 Khellii
1883 920 2104 1004 lapsus
2135 920 2230 1002 ⁸),
2287 919 2403 1003 qui
2437 937 2586 1003 per-

1088 1021 1369 1109 suadere
1402 1018 1526 1081 sibi
1560 1040 1692 1083 non
1721 1034 1982 1104 potest,
2002 1008 2225 1087 'fuisse
2258 1022 2580 1106 Superam

1084 1105 1440 1187 Aemiliani
1485 1140 1761 1183 uxorem
1798 1124 2028 1186 saltem
2069 1142 2153 1186 ex
2199 1125 2329 1188 hoc
2367 1126 2582 1207 Aege-

1088 1242 1212 1287 aeo
1272 1221 1567 1307 Superae
1627 1243 1864 1300 numo,
1943 1225 2253 1309 quoniam
2310 1225 2580 1290 brevius

1086 1323 1214 1388 fnit
1261 1322 1404 1406 ejus
1451 1324 1843 1408 imperium,
1887 1346 2079 1409 quam
2132 1341 2205 1390 ut
2236 1351 2274 1391 a
2306 1328 2580 1391 remotis

1081 1428 1188 1490 his
1205 1429 1521 1493 Cilicibus
1538 1428 1821 1512 intelligi
1840 1429 2180 1512 potuisset,
2199 1427 2406 1491 fuisse
2427 1448 2578 1491 eum

1085 1527 1515 1597 adclamatum
1561 1531 2072 1616 imperatorem,
2146 1543 2216 1593 et
2271 1518 2428 1593 mo'x
2480 1528 2579 1591 fe-

1082 1632 1203 1695 riri
1247 1653 1504 1696 numus.
1589 1635 1894 1695 Animum
1956 1652 2090 1695 non
2137 1630 2578 1697 advertit'vir

1009 1730 1026 1746 ⁹
1083 1733 1380 1798 eruditus
1424 1734 1506 1797 ad
1551 1720 1783 1797 citatos
1824 1733 2015 1796 binos
2056 1734 2408 1797 Aemiliani
2457 1754 2576 1796 nu-

1080 1858 1223 1901 mos
1263 1840 1610 1920 Aegeaeos
1649 1854 1798 1897 cum
1846 1832 2081 1898 eodem
2129 1835 2422 1918 epochae
2465 1856 2579 1900 an-

1082 1956 1192 2001 no.
1267 1938 1582 2001 Ceterum
1629 1936 1837 2000 fuisse
1860 1934 2230 2000 Aemiliano
2274 1955 2576 2013 uxerem,

2195 427 2536 505 CORN.
2614 366 3099 504 SVPERAl

2644 694 2647 699 .
2700 634 2832 700 quo
2876 628 3178 698 tempore
3224 607 3616 695 imperavit,
3661 630 3744 674 ex
3790 608 3949 694 ipsis
3990 610 4179 678 etiam

2698 715 2915 778 numis
2945 713 3195 778 Latinis
3229 713 3370 797 ejus
3402 711 3717 795 Augusti:
3772 714 4179 779 AETERNI.

2700 815 2890 880 TAS.
2923 816 3185 884 AVGG.
3213 828 3300 862 -‘
3347 813 3887 879 CONCORDIA.
3923 814 4173 885 AVGG.

2696 938 2832 982 non
2856 917 3138 982 obscure
3174 917 3533 1002 colligitur.
3579 919 3747 981 Nam
3786 916 4037 980 socium
4069 916 4178 981 im·

2682 1019 2867 1105 ‚perii
2922 1020 3154 1085 saltem
3212 1019 3340 1084 sihi
3394 1017 3687 1101 agnitum
3749 1035 3880 1079 non
3923 1017 4177 1083 hahuit}

2682 1140 2862 1205 -ergo
2893 1103 3509 1201 vocabuloAVGGJ
3533 1117 3825 1205 intelligi
3855 1121 4024 1184 alius
4047 1132 4175 1186 non

2694 1236 2956 1307 potest,
3001 1245 3209 1309 quam·
3236 1223 3681 1299 Aemilianus,
3728 1235 3796 1287 et
3837 1241 4012 1288 uxor
4052 1222 4177 1287 Au·

2695 1338 2903 1410 gusta.

2817 1428 3069 1495 Verum
3103 1427 3246 1511 ejus
3276 1446 3681 1512 praenomen
3717 1428 3915 1490 Βαίου
3944 1443 4031 1489 ex
4062 1442 4171 1488 nu·

2613 1544 2623 1553 ·
2693 1528 2817 1590 mis
2851 1529 3103 1592 Latinis
3124 1572 3142 1605 ,
3190 1541 3257 1590 et
3284 1528 3668 1593 Iuliensium
3688 1526 4020 1609 Phrygiae
4048 1538 4173 1590 tam

2689 1631 2990 1713 Haymii,
3048 1651 3244 1717 quam
3287 1629 3636 1695 Pellerinii
3688 1626 4057 1704 stabilitur,
4112 1636 4175 1690 at

2687 1733 3079 1802 Vaillantius
3112 1746 3181 1797 et
3214 1731 3538 1805 Sestinius
3577 1730 3801 1798 oblato
3839 1747 3926 1794 ex
3964 1726 4172 1795 numia

2688 1836 2824 1899 suis
2859 1830 3011 1901 ΓΝ.
3050 1839 3280 1900 cheam
3307 1831 3580 1899 faciunt.

2380 2248 2578 2313 Pala
2600 2253 2876 2316 TIVM.

1108 2489 1120 2498 .
1201 2446 1388 2509 Istud
1426 2442 1625 2509 facile
1665 2445 2006 2532 colligitur
2045 2466 2131 2513 ex
2160 2444 2456 2516 recitatis
2484 2447 2628 2534 ejus
2656 2451 2874 2515 numia
2894 2494 2915 2532 ,
2955 2472 3109 2519 nam
3149 2449 3266 2519 alii
3297 2462 3649 2539 praeterea
3681 2444 3768 2516 ad
3794 2445 3928 2516 hoc
3963 2465 4165 2533 usque

1079 2560 1338 2632 tempus
1371 2547 1635 2633 cogniti
1674 2569 1806 2613 non
1851 2563 2023 2614 sunt.

2259 2865 2462 2934 VAL
2478 2869 2974 2967 EMANVS.

1186 3060 1264 3122 Ρ.
1313 3058 1609 3123 Licinius
1651 3061 2040 3131 Valerianus
2096 3077 2288 3129 natus
2344 3066 2559 3132 nobili
2612 3142 2619 3147 ,

1063 3180 1310 3245 genere
1358 3174 1546 3243 patre
1600 3162 1888 3228 Valerio.
1974 3166 2133 3229 Post
2181 3166 2401 3229 obitos
2447 3189 2558 3234 va-

1062 3261 1201 3323 rios
1245 3262 1658 3346 magistratus
1695 3266 1924 3328 consul
1962 3266 2090 3329 fuit
2122 3267 2355 3331 saltem
2382 3289 2554 3334 anno

1060 3365 1144 3426 V.
1188 3363 1262 3425 C.
1309 3381 1457 3444 eqo.
1540 3366 1708 3427 Nam
1765 3386 1936 3429 anno
1995 3382 2355 3452 sequente,
2419 3390 2553 3455 quo

1063 3459 1383 3524 Gordiani
1405 3462 1536 3527 duo
1558 3465 1627 3527 in
1643 3465 1867 3529 Africa
1884 3466 2166 3553 Augusti
2191 3468 2354 3533 dicti
2384 3486 2556 3548 sunt,

1061 3564 1144 3628 ab
1179 3564 1283 3624 his
1296 3565 1689 3632 Valerianus
1717 3569 2080 3632 consularis
2095 3570 2372 3635 Romam
2403 3573 2557 3635 mis-

1061 3686 1172 3730 sus
1202 3664 1446 3731 dicitur
1479 3688 1517 3729 a
1541 3668 1828 3739 Zosimo,
1899 3675 1986 3735 At
2007 3672 2422 3757 praeclarum
2453 3694 2555 3738 se·

1058 3780 1248 3831 natus
1275 3767 1381 3833 ·de
1432 3773 1513 3831 e’o
1559 3768 1877 3852 judicium
1924 3785 2064 3835 tum
2105 3776 2387 3838 maxime
2438 3798 2550 3861 pa-

1057 3869 1218 3947 tuit,
1277 3872 1538 3954 quando
1580 3873 1793 3936 Decio
1834 3888 2131 3939 veterem
2173 3898 2255 3942 ac
2296 3874 2412 3941 diu
2450 3878 2551 3940 in-

1056 3973 1429 4038 termissam
1457 3993 1803 4037 censuram
1844 3992 2242 4057 revocante,
2287 3993 2357 4044 et
2396 3982 2551 4046 cen-

1057 4095 1279 4140 sorem
1338 4097 1376 4139 a
1446 4075 1743 4161 patribus
1814 4079 2189 4161 postulante
2258 4101 2548 4147 commu·

1053 4175 1250 4240 nibus
1292 4176 1532 4240 horum
1587 4176 1920 4262 suffragiis
1963 4183 2352 4265 gravissimo
2393 4184 2551 4250 huic

925 4288 934 4305 “
1058 4279 1317 4342 muneri
1359 4300 1530 4342 nnus
1556 4278 1834 4344 idoneus
1878 4282 2138 4347 habitus
2175 4299 2286 4351 est
2311 4282 2397 4366 ¹’).
2465 4287 2550 4356 V.

1062 4381 1137 4445 C.
1179 4377 1342 4442 roeo
1389 4380 1755 4444 Aemiliano
1800 4383 1870 4446 in
1907 4386 2160 4449 Moesia
2196 4385 2551 4471 imperinm

1064 4482 1420 4567 arripiente
1474 4482 1693 4547 datum
1731 4483 2083 4554 Valeriano
2121 4488 2466 4574 negotium
2512 4509 2552 4553 a

1147 4702 1214 4766 η
1255 4651 1558 4768 subplem.
1598 4690 1678 4749 sd
1715 4689 1893 4753 vain.
1930 4713 1993 4769 p.
2031 4703 2160 4758 ms.

2673 3063 3130 3142 Treboniano‚
3206 3080 3282 3132 ut
3330 3063 3748 3152 perduellem
3813 3062 4023 3127 armis
4086 3058 4168 3125 ad

2670 3167 3060 3252 obsequium
3101 3181 3471 3233 revocaret.
3547 3168 3636 3230 Et
3678 3184 3996 3251 magnum
4039 3161 4167 3246 jam

2667 3268 2936 3355 quidem
2967 3269 3334 3335 exercitum
3384 3270 3456 3333 in
3483 3267 3764 3333 Rhaetia
3806 3281 3876 3330 et
3910 3265 4165 3335 Norico

2669 3385 3127 3450 contraxerat3
3197 3393 3431 3439 verum
3511 3369 3773 3446 audito,-
3850 3366 4169 3431 Aemiliass

2664 3492 2822 3535 num
2866 3472 2999 3557 jam
3054 3474 3229 3540 viam
3286 3474 3358 3537 in
3402 3473 3654 3538 Italiam
3712 3465 4164 3556 praecepisse,

2665 3571 2808 3637 sive
2856 3572 3201 3660 desperata
3240 3575 3466 3661 ignavi
3504 3572 3911 3639 Treboniani
3950 3572 4165 3636 salute

2665 3676 2945 3760 Augusti
2990 3677 3134 3762 ipse
3176 3678 3442 3742 titulum
3487 3675 3698 3760 capit,
3756 3679 3843 3742 de
3886 3696 4022 3762 qua
4064 3692 4165 3737 ra·

2663 3777 2845 3842 tione
2887 3793 2957 3844 et
3000 3778 3237 3844 ordine
3278 3799 3507 3843 rerum
3558 3797 3636 3843 ac
3688 3775 4020 3863 temporis
4070 3772 4166 3839 vi·

2642 3876 2785 3953 de,
2848 3890 3018 3963 Quae
3060 3903 3260 3967 supra
3312 3880 3384 3944 in
3422 3879 3577 3947 trib.
3619 3891 3950 3966 potestate
4000 3877 4165 3942 Tre·

2660 3978 2929 4044 boniani
2963 3980 3308 4067 disputavi.
3970 4066 3997 4119 Ι

2976 4188 3089 4249 r*V-
3127 4189 3194 4251 C.
3234 4194 3418 4252 1006.
3458 4187 3529 4250 P.
3562 4189 3651 4252 X.
3678 4192 3827 4251 253.

2755 4289 2882 4351 Tu.
2923 4290 3002 4362 P.
3047 4290 3224 4352 COS.
3256 4292 3451 4358 DES.
3492 4290 3587 4353 11.
3630 4291 3705 4352 P.
3750 4290 3845 4353 Μ.
3884 4289 3961 4352 Ρ.
4003 4289 4079 4350 Ρ.

2618 4404 2629 4411 ·
2668 4391 2735 4452 C.
2766 4392 2912 4454 Veh.
2951 4391 3306 4453 Volusiano
3353 4393 3527 4475 Asty.
3565 4393 3696 4467 11„
3762 4392 3852 4454 Μ.
3894 4390 4161 4453 Valerio

3247 4496 3429 4556 Max.
3452 4512 3585 4556 eos.

2300 4693 2372 4799 b)'
2409 4693 2669 4755 Trebell.
2706 4694 2770 4754 iu
2806 4692 3146 4757 Valeriano.
