4475 5584
1414 425 1941 513 CLODIVS

444 640 670 714 posset
707 636 1104 709 permutatas
1140 622 1477 697 matrices,
1543 636 1608 686 ct
1642 644 1789 690 cum
1832 642 1936 688 ca·

440 734 579 818 pite
611 719 855 791 Albini'
889 726 1268 808 conjunctas
1309 746 1568 790 aversas
1620 725 1703 787 ad
1736 726 1952 792 Seve-.

438 853 590 895 rum
624 830 1033 914 pertinentes
1058 872 1074 902 ‚
1133 847 1361 892 verum
1396 828 1464 888 in
1492 826 1670 888 omni
1706 825 1939 888 Sever‘i

444 945 708 994 moneta
781 929 943 993 mihi
1005 929 1266 1014 cognita
1341 928 1589 991 similes
1670 946 1937 994 aversae

440 1033 1073 1115 nou-reperiuntur,
1138 1031 1514 1111 mirumque
1569 1028 1780 1100 foret,
1826 1047 1936 1089 eas

442 1135 512 1197 in
560 1134 794 1197 Severi
850 1134 1065 1195 numis
1111 1130 1482 1214 deperditas
1551 1150 1817 1205 omnes,
1873 1141 1939 1190 et

450 1250 869 1300 conservatas
898 1248 1143 1295 tantum
1198 1234 1260 1293 in
1298 1231 1513 1293 numis
1548 1229 1807 1304 Albini,
1857 1229 1936 1289 ad

444 1357 639 1422 quem
692 1356 807 1399 eae
860 1357 994 1397 non
1047 1335 1397 1418 pertinent.
1462 1331 1639 1426 Quid
1685 1330 1937 1413 igitur?

442 1461 525 1499 an
581 1437 840 1521 spurios
892 1433 1117 1518 dicere
1174 1432 1541 1519 expediet‘2·
1578 1433 1677 1507 Is,
1741 1449 1937 1513 quem

441 1560 523 1601 ex
574 1559 803 1601 museo
853 1540 1177 1601 Caesareo
1248 1532 1609 1617 descripsi,
1688 1530 1937 1592 fraudis

436 1641 814 1724 suspicidne
847 1638 1151 1700 immunis
1188 1634 1482 1708 videtur,
1533 1647 1727 1715 atque
1763 1631 1941 1693 simi-

435 1742 573 1804 lem
608 1740 763 1803 citat
802 1741 999 1801 etiam
1037 1734 1525 1801 Mediobarbus.
1572 1736 1789 1801 Vnum
1825 1731 1937 1794 ad-

439 1842 537 1903 dit
605 1862 903 1903 museum
949 1838 1438 1900 Farnesianum.
1533 1840 1667 1898 Res
1715 1834 1935 1919 digna,

440 1944 507 2004 in
551 1963 744 2025 quam
777 1940 1230 2022 inquirant-ii,
1294 1937 1530 2022 quibus
1570 1937 1929 2020 locupletia

436 2061 666 2104 musea
701 2053 962 2126 praesto
1006 2053 1174 2102 sunt.
1223 2042 1420 2103 Certe
1452 2039 1564 2125 qui
1609 2037 1802 2114 illos,
1863 2050 1936 2102 ut

438 2141 905 2206 describuntur
931 2185 949 2217 ,
995 2141 1323 2224 explicet,
1384 2154 1450 2204 et
1481 2161 1628 2205 cum
1663 2139 1933 2210 historia

439 2244 786 2318 conciliet,
841 2256 951 2305 aut
1003 2244 1222 2305 nullus
1283 2243 1443 2319 crit,
1501 2254 1611 2304 aut
1661 2261 1932 2325 magnus

441 2345 709 2428 Apollo.
773 2347 937 2407 Nam
991 2344 1116 2406 etsi
1167 2344 1433 2419 demus,
1494 2363 1608 2405 eos
1651 2342 1937 2425 signatos

436 2446 509 2508 in
543 2446 755 2509 Gallia
783 2490 799 2522 ,
848 2458 916 2509 et
932 2445 1243 2508 Albinum
1279 2445 1347 2506 in
1378 2444 1502 2508 hos
1531 2443 1760 2505 titulos
1787 2462 1941 2525 pro-

438 2548 586 2631 pria
605 2546 993 2632 auctoritate
1022 2546 1387 2621 involasse,
1433 2558 1654 2607 tamen
1689 2544 1780 2623 is,
1826 2544 1940 2626 qui

436 2669 514 2712 se
564 2647 944 2732 pontificem
990 2648 1381 2722 maximum,
1427 2658 1495 2708 et
1533 2659 1786 2729 patrem
1829 2665 1940 2727 pa-

438 2750 608 2812 triae
641 2750 841 2826 dixit‚
904 2764 1088 2816 certe
1122 2749 1317 2812 etiam
1360 2749 1431 2810 in
1475 2752 1685 2816 antica
1715 2751 1939 2835 Augu·

438 2866 612 2915 stum
646 2872 791 2918 sese
829 2853 1245 2937 appellasset.

1190 2953 1228 2991 ἠ

1021 2996 1061 3035 ιε
1352 2995 1393 3036 ne

726 3057 903 3117 IMP.
964 3053 1205 3118 CAES.
1253 3052 1337 3119 D.
1395 3055 1594 3120 CLO.
1642 3053 1929 3120 ALBIN.

726 3155 926 3223 AVG.
974 3156 1176 3232 capue
1206 3158 1583 3219 laureatum.

441 3260 673 3326 vlcT.
718 3289 746 3306 ·
787 3288 815 3304 -
856 3289 887 3305 ·
929 3255 1119 3319 COS.
1164 3256 1214 3319 1.
1266 3261 1556 3320 Victoria
1592 3262 1792 3321 armis
1840 3263 1937 3321 in-

378 3367 387 3374 ’
444 3367 665 3428 sedem
696 3362 758 3420 d.
784 3360 1047 3439 palmae
1084 3379 1330 3420 ramum
1348 3402 1364 3434 ,
1411 3381 1462 3421 s.
1507 3363 1793 3441 clypeum
1836 3382 1941 3423 su-

428 3486 553 3545 per
580 3483 773 3544 yeme.
814 3461 954 3523 AR.
1008 3461 1212 3540 (Mus.
1247 3461 1468 3541 Caes.)

574 3563 704 3626 Hic
740 3580 976 3624 numus
1028 3572 1128 3623 est
1160 3560 1623 3645 integerrimus
1652 3562 1940 3647 demptis

439 3668 696 3750 aliquot
728 3661 942 3725 literis
988 3680 1059 3721 το
1088 3663 1315 3729 Vlc'r.
1361 3665 1939 3748 consequentibus.

445 3770 625 3834 Male
680 3763 994 3828 cohaeret
1042 3776 1318 3849 utraque
1362 3765 1547 3827 numi
1590 3788 1763 3850 pars.
1826 3769 1941 3829 Et·

446 3870 625 3935 enim
657 3864 869 3928 antica
906 3877 1006 3926 est
1035 3865 1347 3951 Augusti,
1405 3886 1635 3932 aversa
1667 3882 1940 3954 propter

442 3972 854 4038 consulatum
884 3970 1167 4054 primum
1204 3972 1518 4036 Caesaris.
1564 3970 1762 4034 Credi
1791 3991 1938 4055 pos·
1988 4001 1997 4014 ·

445 4089 589 4154 set,
669 4073 855 4135 binas
923 4071 1230 4138 matrices
1283 4075 1630 4138 monetarii
1687 4072 1937 4136 incuria

444 4176 623 4241 male
690 4178 896 4242 fuisse
963 4177 1396 4261 compositas,
1482 4195 1717 4239 verum
1769 4172 1938 4237 hanc

447 4299 745 4344 aversam
796 4282 865 4343 in
911 4280 1096 4342 nullo
1125 4276 1347 4340 Albini
1392 4271 1606 4340 adhuc
1642 4275 1940 4341 Caesaris

448 4403 655 4447 numo
701 4381 945 4467 reperi.
1007 4378 1339 4462 Scriptum
1372 4378 1562 4443 COS.
1603 4380 1654 4441 1.
1695 4378 1942 4463 legitur

448 4485 646 4548 etiam
679 4483 748 4546 in
783 4483 1117 4546 nonnullis
1150 4481 1383 4552 Severi
1418 4482 1651 4543 numis.

528 4719 591 4789 a)
631 4715 693 4773 in
732 4712 951 4772 Albino
990 4732 1039 4771 c.
1078 4726 1137 4772 ι.

2042 437 2405 514 ALBIN
2433 439 2588 512 VS.

1285 4708 1356 4784 b)
1395 4707 1456 4769 in
1496 4709 1715 4767 Severo
1753 4728 1887 4787 pag.
1926 4721 2018 4777 30.

3396 444 3535 526 165

2304 628 2381 688 N
2380 627 2516 686 uma·
2555 625 2887 686 commatis·
2919 624 3267 704 pereqre‘m‘.

2184 832 2446 891 Vrbium
2487 830 2832 889 liberarum
2867 845 3098 888 numos
3147 824 3306 891 side
3355 832 3543 896 Pam-

2050 928 2353 1013 phyliae,
2398 941 2464 991 et
2502 927 2818 1007 Smyrnae
2869 928 3156 1012 signatos
3196 950 3545 995 conserva-

2054 1032 2145 1093 vit
2186 1030 2574 1098 Vaillantius
2601 1073 2620 1105 ,
2693 1026 2810 1089 sed
2856 1049 3004 1091 cum
3059 1030 3276 1114 capite,
3317 1033 3542 1096 Albini
3612 1005 3619 1022 ’

2054 1133 2390 1206 Caesaris,
2433 1151 2567 1192 non
2591 1130 2907 1213 Augusti3
2952 1151 3098 1192 nam
3139 1154 3285 1196 cum
3315 1134 3372 1195 is
3412 1138 3543 1218 pri-

2050 1253 2231 1296 mum
2265 1235 2438 1296 hunc
2467 1231 2730 1296 titulum
2774 1232 3031 1314 recepit
3056 1276 3073 1306 ‚
3120 1231 3200 1295 ab
3240 1235 3542 1298 omnibus

2051 1334 2448 1419 provinciis,
2530 1331 2793 1416 dempta
2842 1333 3215 1411 Britannia,
3285 1336 3582 1412 Galliam

2054 1449 2121 1498 et
2154 1434 2502 1497 Germania
2551 1432 2757 1495 hostis
2812 1435 3079 1498 volente
3116 1437 3376 1500 aemulo
3425 1438 3542 1501 Se·

2049 1556 2211 1601 vero
2241 1537 2564 1621 judicatus
2603 1550 2726 1600 est.

2179 1641 2584 1699 Coloniarum
2623 1635 2804 1698 numi
2848 1634 3060 1700 adhuc
3108 1638 3360 1721 reperti
3409 1660 3546 1703 non

2052 1752 2233 1814 sunt,
2315 1751 2380 1800 at
2425 1758 2570 1814 non·
2605 1749 2995 1820 propterea,
3064 1739 3406 1822 quoniam,
3469 1755 3544 1805 ut

2051 1853 2278 1904 censet
2314 1836 2742 1912 Vaillantius,
2789 1838 3119 1922 praesedit
3168 1840 3247 1928 iis
3278 1843 3544 1925 provin-

2051 1942 2204 2018 ciis,
2268 1940 2335 2000 in
2381 1938 2616 2024 quibus
2664 1939 2963 2001 coloniae
3013 1961 3245 2003 numos
3294 1941 3541 2005 cudere

2044 2064 2189 2105 non·
2220 2055 2407 2105 erant
2441 2040 2673 2103 solitae
2697 2085 2715 2117 ,
2777 2061 2926 2102 nam
2957 2040 3274 2104 habemus
3305 2063 3539 2108 numos

2056 2144 2257 2206 Sides‘
2286 2158 2353 2206 et
2388 2143 2703 2226 Smyrnae
2723 2186 2740 2219 ,
2784 2141 2909 2203 etsi
2935 2141 3176 2204 Albino
3207 2135 3539 2230 nunquam

2052 2264 2354 2328 paruere.
2402 2246 2679 2329 Signare
2714 2244 2918 2328 igitur
2943 2245 3083 2325 ejus
3113 2244 3398 2329 imagine
3427 2269 3545 2309 nu·-

2054 2369 2197 2410 mos
2264 2359 2622 2431 potueruut
2667 2346 2829 2409 licet
2899 2347 3151 2412 Severo
3196 2346 3542 2427 obnoxiae,

2051 2467 2185 2509 non
2237 2462 2540 2531 tanquam
2570 2448 2851 2531 principi
2883 2468 3001 2511 suo
3025 2493 3042 2524 ,
3087 2449 3207 2511 sed
3236 2463 3540 2533 tanquam

2053 2548 2150 2608 illi
2177 2591 2193 2624 ,
2228 2565 2421 2633 quem
2443 2546 2646 2610 fuisse
2672 2549 2903 2612 Severi
2924 2551 3269 2612 Caesarem
3293 2550 3543 2614 diserte
3649 2620 3657 2630 ,

2053 2668 2137 2712 ex
2167 2648 2550 2711 Herodiano
2585 2662 2862 2714 testatur
2892 2650 3297 2733 Capitolinus
3330 2653 3414 2735 ιἱ),
3445 2654 3546 2714 ni·

2051 2749 2291 2812 mirum
2357 2771 2483 2834 qua
2550 2749 2806 2813 ratione
2848 2751 3074 2814 Aelius
3126 2751 3253 2814 fuit
3302 2755 3543 2817 Caesar

2049 2850 2406 2926 Hadriani,
2463 2850 2772 2913 Aurelius
2807 2853 3024 2920 Verus
3078 2852 3389 2915 Antonini
3435 2856 3540 2916 Pii

2050 2965 2216 3028 etc.,
2282 2972 2560 3035 quorum
2603 2951 2894 3013 omnium
2920 2996 2937 3026 ‚
2985 2965 3052 3014 et
3090 2953 3357 3017 nomine
3397 2956 3544 3040 qui·-

2047 3054 2198 3117 dem
2246 3052 2571 3129 Caesaris,
2648 3049 2967 3115 hahemus
3016 3074 3251 3118 numos
3305 3057 3381 3117 in
3431 3078 3542 3120 cc·-
3591 3115 3596 3121 .

2052 3155 2249 3219 loniis
2289 3173 2552 3240 quoque
2587 3153 2897 3236 signatos.

2072 3285 2079 3292 ’
2177 3260 2564 3321 Antiocheui
2582 3299 2599 3331 ,
2658 3267 2725 3318 et
2752 3258 3190 3320 Alemandn'm‘
3224 3256 3380 3322 item
3429 3258 3541 3321 de·

2052 3359 2458 3424 sidet-antur.
2549 3389 2556 3394 ·

2374 3603 2769 3672 Nomina,
2831 3620 2925 3662 ac
2968 3599 3239 3662 tituli.

2611 3783 2982 3861 Septimius.

2179 3970 2438 4032 Nomen
2465 3969 2768 4048 Septirm‘i
2801 3965 2867 4027 in
2893 3964 3115 4028 Albini
3148 3982 3407 4031 moneta
3435 3990 3539 4032 re-

2006 4070 2250 4155 ‘liquis
2284 4067 2573 4132 additum
2619 4080 2997 4131 constanter
3031 4067 3309 4150 legitur.
3373 4070 3538 4134 Cum

2053 4185 2297 4234 nomen
2345 4170 2522 4232 istud
2584 4168 2923 4256 proprium
2988 4166 3192 4231 fuerit
3262 4169 3536 4246 Severo,

2054 4273 2314 4358 colligit
2350 4271 2813 4335 Tillemontius
2843 4266 2947 4350 l³),
2990 4270 3297 4336 Albinum
3340 4298 3376 4339 a
3424 4273 3541 4338 Se·-

2052 4397 2215 4440 vero
2256 4395 2391 4442 non
2428 4375 2624 4437 modo
2649 4374 2921 4439 dictum·‘
2940 4376 3143 4438 fuisse
3170 4376 3537 4454 Caesarem,

2055 4479 2174 4544 sed
2221 4481 2416 4542 etiam
2473 4477 2866 4561 adoptatum.
2943 4477 3293 4561 Ingeniose
3335 4477 3532 4543 istud.
