4475 5584
1046 461 1143 528 80

1049 622 1145 685 sic
1197 631 1455 694 tamen,
1516 626 1590 678 ut
1637 611 1875 677 faciem
1918 611 2306 686 Faustinae,
2364 609 2534 674 etin

1047 741 1276 786 aversa
1336 732 1583 782 tectum
1643 714 1874 798 templi
1933 728 2001 776 et
2060 734 2237 775 aram
2301 711 2534 774 vestiat

1046 823 1312 886 lamella
1362 833 1670 903 argentea
1721 832 1859 879 arte
1906 829 2034 879 tam
2083 811 2403 887 mirabili,
2460 822 2533 873 ut

1046 926 1214 988 nihil
1237 920 1598 1008 perfectius
1620 920 1687 980 in
1716 917 1845 979 hoc
1874 934 2120 1001 genere
2157 912 2370 979 videri
2387 932 2536 997 pos·

1049 1029 1154 1094 sit.
1232 1026 1387 1088 Fuit
1434 1023 1593 1086 olim
1633 1021 1698 1082 in
1744 1037 1972 1081 museo
2018 1014 2304 1098 Collegii
2349 1010 2531 1078 acad.

1050 1129 1117 1191 S.
1149 1131 1235 1204 1.,
1283 1140 1350 1191 et
1383 1123 1538 1187 inde
1561 1124 1629 1185 in
1667 1142 1897 1205 gazam
1926 1121 2309 1181 Caesaream
2330 1130 2540 1177 trans·

1046 1232 1272 1293 latum.
1366 1229 1674 1290 Ceterum
1724 1221 1928 1284 nolim
1994 1219 2341 1292 adserere,
2404 1237 2538 1278 non

1048 1344 1306 1393 exstare
1342 1326 1690 1390 Faustinae
1721 1342 1987 1384 numum
2007 1319 2361 1403 genuinum
2386 1337 2538 1379 cum

1046 1433 1175 1494 hoc
1231 1444 1428 1512 typo,
1474 1449 1622 1490 nam
1666 1422 1981 1487 habemus
2023 1411 2306 1482 simil6m
2354 1416 2533 1479 dem-

1043 1547 1159 1618 pto
1206 1533 1275 1596 S.
1328 1532 1398 1594 C.
1460 1543 1529 1592 et
1574 1526 1866 1589 adstante
1904 1542 2103 1606 parva
2155 1517 2402 1625 figura,
2466 1517 2529 1578 in

1044 1625 1258 1696 nuinis
1314 1629 1573 1695 coaevis
1636 1625 1932 1689 Lucillae
1989 1621 2310 1702 maximae
2373 1620 2530 1681 item

1018 1710 1332 1809 'formam
1396 1752 1558 1814 quos
1619 1726 1915 1790 dabimus
1971 1724 2124 1786 loco
2170 1743 2311 1784 suo.
2391 1724 2533 1783 Mo-

1046 1854 1208 1898 nere
1256 1848 1472 1895 tamen
1524 1830 1771 1891 tirones
1823 1825 1950 1887 hoc
1994 1825 2148 1885 loco
2198 1823 2420 1897 volui,
2466 1835 2540 1884 ut

1043 1949 1318 2019 propter
1355 1951 1578 1995 causas
1629 1938 2019 1989 memoratas
2073 1923 2143 1986 in
2175 1921 2540 2007 adproban-

1054 2037 1152 2098 dis
1186 2036 1266 2096 iis
1306 2032 1675 2098 cautionem
1708 2026 2073 2090 adhibeant.

1771 2128 1810 2167 ⁴⁵
1933 2169 1975 2209 s

1335 2239 1418 2297 Vt
1461 2239 1559 2297 lit.
1590 2172 1668 2297 ἒ.

1057 2341 1121 2402 S.
1153 2339 1228 2400 P.
1257 2336 1339 2431 Q.
1374 2339 1456 2398 R.
1533 2339 1905 2413 carpentum
1948 2352 1992 2391 a
2052 2329 2303 2389 duabus
2350 2330 2541 2389 malis

1048 2449 1338 2502 tractam.
1384 2438 1521 2499 ΑΕ.
1561 2436 1613 2497 1.
1658 2434 1857 2511 (Mus.
1894 2429 2112 2509 Caes.)

1184 2540 1517 2602 Involasse
1566 2533 1938 2597 Faustinam
1984 2532 2050 2593 in
2100 2530 2396 2613 carpenti
2431 2529 2546 2591 ho-

1048 2660 1281 2704 norem
1345 2637 1647 2721 exemplo
1705 2634 2130 2711 Messalinae,
2189 2646 2257 2695 et
2301 2632 2542 2716 ‚Agrip-

1052 2743 1244 2828 pinae
1308 2753 1583 2803 u¹xorum
1647 2735 1938 2812 Claudii,
2004 2755 2088 2798 ex
2147 2737 2280 2798 hoc
2340 2752 2540 2795 numo

1060 2835 1388 2907 discimus.

1773 2940 1812 2979 ξ

1936 2984 1973 3022 O

1593 2985 1647 3025 ,s

1346 3049 1431 3106 Vt
1468 3048 1565 3105 lit.
1602 3050 1683 3104 A.

1052 3148 1417 3212 VENERI.
1450 3144 1856 3212 VIC'I'RICI.
1894 3144 1960 3205 S.
1997 3142 2069 3205 C.
2121 3146 2332 3204 Venas
2360 3139 2546 3199 semi·-

1053 3251 1227 3310 nuda
1243 3258 1421 3308 stans
1438 3248 1725 3308 adstanti
1737 3248 1937 3310 Marti
1948 3245 2381 3305 adblanditur.
2403 3240 2539 3301 ΑΕ.

1057 3351 1137 3411 11.
1200 3350 1378 3408 Idem
1410 3357 1595 3427 typus
1614 3390 1631 3422 ,
1678 3351 1792 3408 sed
1814 3350 1954 3407 sine
1978 3341 2339 3426 epiqraphe.
2400 3339 2541 3401 ΑΕ.

1055 3470 1225 3510 max.
1261 3445 1432 3507 mod.
1479 3451 1683 3526 (Mus.
1714 3446 1983 3508 Farnes.
2020 3459 2088 3506 et
2126 3440 2419 3521 Caesar.)

1185 3549 1493 3610 Furtivus
1559 3548 1826 3624 Martis,
1881 3545 2298 3628 Venerisque
2339 3567 2545 3617 amor,

1059 3669 1255 3734 quem
1280 3648 1577 3734 ‘Ovidius
1624 3659 1754 3713 toto
1816 3652 2218 3712 notissimam
2249 3649 2550 3727 fabulam

1057 3756 1232 3816 coelo
1282 3750 1569 3836 appellat
1598 3752 1722 3831 ⁸),
1757 3770 1952 3834 saepe
1988 3749 2059 3811 in
2088 3761 2389 3813 veterum
2449 3770 2550 3811 ar-

1056 3853 1353 3927 tefactis,
1413 3865 1479 3913 et
1520 3851 1724 3914 multa
1770 3871 1918 3915 cum
1973 3849 2289 3913 varietate
2321 3869 2550 3914 occur·

1060 3955 1166 4016 rit.
1225 3952 1482 4016 Eodem
1529 3951 1763 4028 modo,
1810 3965 1880 4015 ut
1916 3951 1982 4013 in
2014 3970 2214 4012 numo
2244 3971 2551 4034 praesen-

1060 4070 1172 4130 te,
1231 4053 1625 4139 proponitur
1669 4073 1865 4136 saepe
1913 4054 1982 4114 in
2030 4052 2231 4136 signis
2267 4071 2546 4114 marmo-

1062 4157 1233 4231 reis,
1279 4168 1344 4218 et
1394 4154 1669 4217 annulis.
1753 4154 2011 4229 Fuere,
2059 4153 2171 4236 qui
2219 4154 2320 4215 his
2365 4153 2545 4215 exhi-

1064 4257 1209 4318 beri
1251 4270 1510 4339 turpem
1561 4254 1909 4318 Faustinae
1979 4275 2128 4318 cum
2182 4254 2544 4338 gladiatore

1068 4357 1603 4419 consuetudinem
1638 4368 2006 4432 censerent,
2043 4356 2294 4422 inducti
2319 4355 2542 4431 credo,

1183 4621 1243 4684 a)
1282 4618 1515 4673 fletam.
1556 4616 1663 4677 IV·
1699 4626 1820 4690 189.

948 4732 957 4742 ·
1072 4713 1130 4778 c)
1164 4705 1374 4764 inlisu.
1410 4707 1473 4764 in
1510 4705 1705 4766 C'aess.

1936 4615 2651 4692 ·mnun§m

1966 431 1977 442 ⁴
2083 424 2702 502 FAVSTINA
2801 423 3254 504 lvmon.

2648 609 2823 698 quod
2870 610 3044 674 hunc
3082 609 3288 693 i'psum
3327 621 3548 693 typum
3591 608 3657 671 in
3689 608 3880 693 hujus
3924 609 4148 691 Augu-

2649 725 2785 775 stae
2805 723 3067 774 moneta
3101 711 3423 774 viderent.
3471 712 3620 776 Non
3639 710 3822 775 lubet
3854 710 4146 794 ineptam

2648 814 2848 886 hanc,
2895 825 2961 875 et
2987 811 3117 895 jam
3151 833 3327 875 nunc
3358 810 3607 876 nemini
3648 809 3970 876 creditam
4003 812 4147 897 opia—

2646 914 2912 978 nionem
2948 913 3289 978 refellere.

2937 1117 3207 1180 DIVA
3285 1120 3873 1186 FAVSTJNA.

2775 1320 3067 1383 Auctore
3109 1319 3327 1384 Dione
3362 1317 3429 1401 ¹³)
3473 1321 3822 1384 Faustinae
3863 1329 4157 1383 mortem

2645 1419 3077 1484 vehementer
3150 1421 3321 1483 luxit
3391 1421 3722 1485 Aurelius.
3809 1420 4156 1505 Apertius,

2650 1541 2815 1605 quae
2867 1519 2952 1584 ad
2989 1524 3556 1588 consecrationem
3601 1522 3964 1607 pertinent,
4030 1522 4156 1586 Ca-

2645 1623 2960 1708 pitolinus
2993 1625 3086 1706 c)=
3136 1629 3332 1713 petiit
3367 1648 3412 1687 a
3448 1609 3711 1700 senatu,
3754 1634 3831 1687 ut
3876 1627 4162 1686 honores

2646 1727 2998 1788 Faustinae
3017 1771 3033 1802 ‚
3071 1732 3415 1810 aedemque
3447 1731 3808 1789 decerneret
3821 1768 3840 1798 ‚
3869 1728 4154 1787 laudata

2654 1830 2892 1902 eadem,
2927 1848 3071 1890 cum
3088 1839 3304 1892 tamen
3338 1830 3779 1907 impudicitiae
3796 1829 3990 1907 fama
4002 1848 4165 1907 qra-

2654 1932 2818 1990 viter
2837 1932 3211 2004 laborasset,
3254 1951 3422 2012 qnae
3435 1932 3799 1992 Antoninus
3816 1930 3924 1990 vel
3949 1931 4166 1989 nesci-

2653 2031 2778 2104 vit,
2824 2033 2930 2092 vel
2949 2035 3403 2094 dissimulavit.
3450 2034 3673 2093 Novas
3694 2031 3954 2108 puellas
3985 2030 4164 2092 Fau-

2656 2133 3282 2217 stinianasinstituit
3308 2135 3377 2192 in
3413 2134 3711 2193 honorem
3745 2133 3974 2193 axoris
3993 2150 4166 2192 mor·-

2656 2240 2827 2294 tuae.
2887 2234 3123 2292 Dicam
3175 2236 3373 2293 etiam
3430 2235 3809 2294 Faustinam
3848 2253 3892 2292 a
3923 2241 4165 2293 senata

2656 2336 2981 2412 appellata
2990 2337 3430 2413 myratulatus
3449 2342 3564 2395 est.
3604 2366 3631 2379 -
3644 2366 3672 2380 -
3687 2366 3714 2379 -
3755 2335 3937 2394 Fecit
3968 2331 4035 2394 et
4051 2350 4165 2394 co·

2659 2436 2901 2495 Ioniam
2918 2438 3158 2508 vicum,
3177 2439 3247 2495 in
3267 2457 3390 2518 qao
3424 2437 3591 2497 obiit
3619 2437 3935 2497 Faustina
3952 2433 4165 2513 (Fau-

2658 2533 3002 2618 stinopolis
3032 2535 3365 2596 nonnullis
3394 2535 3722 2611 creditur,
3764 2555 3957 2618 quam
4003 2555 4167 2618 pro-

2658 2633 2820 2696 dunt
2864 2634 3194 2698 itineraria
3255 2635 3497 2698 dictum
3553 2636 3756 2718 vulgo
3814 2634 4163 2709 Antonini,

2655 2736 3344 2817 Hierosolymi‘tanum,
3379 2750 3446 2798 et
3473 2733 3844 2813 Hierocles,
3893 2751 3961 2800 et
3982 2733 4160 2818 Tya-

2654 2837 2755 2898 nis
2827 2837 3272 2921 Cappadociae
3332 2835 3738 2919 admovent.)
3792 2848 3859 2901 et
3920 2844 4166 2903 aedem
4251 2907 4258 2914 ,

2656 2941 2760 3000 illi
2789 2943 3141 3014 exstruxit,
3201 2944 3322 3001 sed
3347 2942 3503 3001 haec
3527 2950 3758 3020 postea
3797 2944 3990 3002 aedes
4023 2945 4160 3005 He-

2657 3042 2985 3119 lioqabalo
3026 3045 3325 3102 dedicata
3369 3052 3481 3102 est.
3522 3043 3625 3103 De
3662 3040 3785 3105 hac
3821 3040 3984 3103 aede
4002 3040 4164 3104 vide

2655 3140 2846 3226 plura
2887 3141 2954 3201 in
3001 3140 3335 3203 Caracalla
3387 3127 3710 3225 Spartiani
3759 3141 3881 3204 sub
3928 3139 4166 3205 finem.

2658 3241 2842 3304 Alios
2869 3240 3156 3303 honores
3191 3242 3425 3305 recitat
3460 3244 3592 3306 Dio
3625 3240 3689 3324 d)
3713 3287 3731 3319 ,
3774 3262 4014 3328 nempe
4035 3244 4157 3307 de-

2660 3356 2875 3406 cretas
2908 3366 2943 3406 a
2979 3355 3206 3406 senatu
3237 3356 3476 3406 statuas
3509 3357 3856 3427 argenteas
3884 3344 3951 3405 in
3991 3359 4165 3409 tem-

2661 3445 2772 3526 plo
2814 3444 3097 3512 Veneris
3134 3458 3202 3506 et
3243 3448 3534 3521 Romae,
3578 3467 3790 3523 aram,
3836 3445 3918 3508 ad
3958 3467 4162 3531 quam

2662 3546 2949 3628 virgines
2981 3566 3242 3621 omnes,
3290 3566 3455 3630 quae
3494 3545 3820 3610 nuberent
3853 3547 3924 3609 in
3964 3546 4162 3623 urbe,
4267 3573 4284 3584 ·

2664 3669 2789 3709 una
2834 3667 2981 3709 cum
3028 3647 3282 3729 sponsis
3326 3644 3768 3711 sacrificarent
3810 3662 3937 3711 etc.
4019 3647 4167 3711 Ad·
4217 3721 4226 3732 ι

2664 3746 2779 3823 de,
2825 3748 3002 3832 quod
3058 3768 3141 3809 ex
3187 3747 3327 3829 ejus
3371 3769 3719 3811 numorum
3767 3751 3955 3833 copia
3999 3749 4166 3815 faci-

2661 3849 2729 3911 le
2814 3851 3160 3932 probatur,
3236 3867 3612 3931 percussam
3675 3871 3795 3933 per
3857 3852 4164 3938 reliquos

2665 3949 2859 4011 etiam
2888 3950 3144 4012 Aurelii
3172 3971 3373 4012 annos
3421 3949 3607 4013 divae
3651 3950 4002 4017 Faustinae
4036 3977 4163 4021 no·

2661 4049 2836 4112 mine
2869 4066 3228 4114 monetam.-
3292 4055 3452 4113 Tam
3488 4050 3906 4116 immoderati
3949 4053 4166 4119 hono·

2661 4173 2768 4213 res
2813 4153 2879 4213 in
2942 4154 3288 4216 mulierem
3351 4153 3810 4218 immerentem
3854 4159 4162 4241 congesti

2659 4253 2853 4318 facilc
2905 4268 3208 4338 poterant
3256 4253 3465 4316 dicaci
3501 4253 4046 4321 Sileno‘movere
4094 4272 4167 4322 et

2661 4356 3090 4433 stomachum,
3129 4370 3194 4419 et
3209 4357 3415 4418 risum
3445 4359 3526 4437 ο).
3572 4360 3963 4442 Elegantem
4001 4360 4169 4425 ima·

2855 4620 2916 4692 c)
2954 4616 3017 4674 in
3055 4571 3256 4675 Ᾰυτεὶ.
3298 4636 3348 4676 c.
3388 4619 3481 4681 26.
3698 4617 3770 4690 d)
3800 4616 3847 4678 l.
3876 4638 3932 4677 ee
3978 4623 4031 4693 ς.
4066 4633 4168 4688 31.
