4475 5584
896 446 997 530 912

898 611 1239 690 describit,
1257 615 1422 681 haec
1447 583 1806 705 generatim
1843 621 1940 703 ·):
1974 615 2314 692 e’maamm
2338 604 2399 672 δ’

888 716 1052 800 ἀντ-ῳ
1099 713 1196 779 ἔπι
1217 739 1289 777 το
1323 715 1488 800 ἅρμα
1532 714 1755 797 merdae
1788 746 1859 784 τε
1912 746 2012 784 και
2074 715 2377 795 παρθενοι,

894 842 996 881 και
1058 815 1157 880 im
1224 827 1339 880 rm»
1387 843 1693 906 παρῃορων
1748 820 2119 903 inunge-’Ser
2181 814 2383 894 ἥιθεοι

897 936 1249 1004 συιγεγενεις,
1344 926 1667 987 Vehuntur
1740 933 1957 989 eodem
2012 944 2200 987 curru
2264 921 2396 1001 filii

891 1023 1228 1112 filiaeque,
1273 1034 1339 1085 et
1356 1027 1701 1104 funalibus
1749 1032 1930 1112 equis
1962 1030 2259 1110 utrinque
2280 1042 2391 1103 qe-

893 1134 1150 1186 stantur
1197 1129 1626 1189 adolescentes
1651 1131 2135 1213 consanyuinei.
2193 1125 2389 1186 Hunc

892 1245 1147 1287 morem
1169 1226 1376 1288 innuit
1395 1249 1656 1310 quoque
1673 1230 1909 1293 Cicero
1941 1227 2045 1309 ὓ).
2090 1238 2215 1301 Aa,
2242 1245 2387 1287 cum

891 1331 1109 1390 sedere
1144 1332 1214 1388 in
1246 1333 1428 1411 equis
1447 1333 1967 1408 triumphantium
1988 1328 2387 1409 praetextati

880 1432 1287 1507 potissimum
1313 1435 1445 1512 filii
1482 1437 1735 1495 soleant
1749 1443 1868 1495 etc.
1931 1429 2284 1491 Suetonius
2301 1427 2382 1488 de

890 1515 1162 1592 Tiberio
1196 1532 1291 1608 0)=
1341 1536 1579 1595 Dehinc
1601 1537 1949 1611 pubescens
1967 1536 2237 1595 Actiaco
2271 1532 2385 1590 tri-

886 1636 1114 1710 umpho
1146 1652 1397 1695 currum
1432 1639 1713 1714 Auyusti
1732 1639 2072 1697 comitatus
2100 1643 2197 1695 est
2225 1634 2384 1692 sini-

885 1736 1152 1794 ster-iore
1174 1736 1400 1811 funali
1426 1755 1584 1816 equo
1600 1740 1639 1809 ,“
1666 1754 1808 1797 cum
1826 1738 2168 1797 Marcellus
2194 1737 2381 1793 Octa-

883 1835 1036 1894 viae
1055 1835 1235 1912 filius
1266 1838 1627 1898 dexteriore
1660 1841 2001 1899 veheretur.
2060 1832 2381 1895 Domitia·

884 1953 1044 1997 num
1079 1933 1280 2013 patris
1335 1935 1684 2020 fratrisque
1717 1936 2119 2019 triumphum
2168 1933 2379 1996 Iudai-

887 2053 1033 2096 cum
1076 2032 1226 2097 albo
1246 2036 1671 2124 conspicuum
1719 2055 1890 2119 equo
1932 2034 2380 2105 fuisse,comi-

883 2146 1087 2195 tatum
1110 2178 1128 2206 ,
1175 2129 1455 2197 diximus
1473 2136 1538 2197 in
1576 2135 1768 2217 hujus
1787 2136 2000 2200 numis
2039 2136 2119 2198 ad
2137 2156 2375 2198 annum

882 2232 968 2300 V.
996 2236 1065 2300 C.
1101 2235 1248 2310 824.
1290 2236 1499 2331 Quam
1520 2235 1768 2316 bellum
1791 2252 1927 2314 est,
1972 2257 2137 2321 quae
2153 2236 2378 2299 docuit

882 2336 1264 2420 antiquitas,
1312 2339 1592 2422 publicis
1631 2360 1892 2426 quoque
1932 2338 2372 2404 monumentis

879 2434 1113 2501 videre
1153 2435 1555 2507 confirmata.

1227 2646 1303 2706 V.
1354 2647 1421 2710 C.
1462 2653 1609 2709 922.
1655 2648 1726 2710 P.
1771 2647 1855 2708 X.
1906 2653 2047 2711 169.

885 2744 1009 2806 Tit.
1064 2745 1138 2811 Ρ.
1181 2746 1302 2809 ΙΧ.
1373 2749 1548 2809 COS.
1592 2748 1720 2811 ΙΙΙ.
1780 2750 1988 2810 ARM.
2050 2748 2222 2810 PAR
2231 2747 2364 2809 ΤΗ.

1337 2850 1561 2913 ΜΑΧ.
1607 2852 1791 2922 ΙΜΡ.
1840 2853 1914 2911 V.

886 3057 887 3062 ’
998 3048 1153 3110 Hoc
1204 3070 1412 3126 anno,
1456 3072 1532 3115 ac
1573 3052 1786 3115 media
1815 3050 2080 3135 quidem
2125 3049 2367 3133 hyeme

873 3159 1145 3210 auctore
1175 3149 1428 3214 Galeno
1460 3152 1676 3220 Verus
1692 3151 1921 3215 eadem
1954 3152 2188 3216 lectica
2216 3172 2369 3215 cum

874 3245 1083 3311 fratre
1121 3263 1455 3333 portatus,
1517 3266 1586 3314 et
1632 3254 1974 3338 apoplexia
2019 3267 2369 3337 correptus

874 3347 1050 3431 apud
1110 3349 1425 3434 Altinum,
1457 3352 1862 3418 Venetorum
1928 3353 2208 3416 moritur
2249 3353 2373 3415 im·

752 3481 765 3490 ·
874 3450 1050 3534 perii
1089 3472 1259 3515 anno
1296 3454 1407 3517 IX.
1462 3453 1691 3516 aetatis
1722 3455 2021 3519 xxxlx.
2076 3453 2183 3519 vel
2224 3455 2367 3515 xl..

871 3549 1095 3612 Dubia
1131 3545 1215 3614 de
1256 3552 1398 3635 ejus
1446 3572 1600 3618 vera
1632 3545 1844 3617 aetate
1894 3575 2179 3638 expensa
2214 3553 2371 3620 vide

874 3650 1050 3735 apud
1101 3651 1599 3717 'tillemontium
1652 3656 1718 3717 in
1762 3670 1916 3719 nota
1943 3658 2088 3723 xn.
2135 3657 2203 3718 in
2238 3659 2372 3719 Au-

869 3752 1136 3818 relium.
1207 3756 1542 3818 Mortuum
1618 3758 2071 3834 verisimiliter
2143 3757 2366 3822 medio

874 3851 1177 3915 Ianuario
1254 3855 1448 3939 hujus
1528 3858 1718 3936 anni,
1790 3880 1922 3921 non
1982 3859 2365 3936 Decembri,

873 3953 1054 4039 quod
1102 3955 1440 4043 plerisque
1483 3959 1727 4036 visum,
1771 3959 2067 4043 probaBo
2112 3962 2183 4023 in
2211 3958 2369 4027 doe·

870 4056 1043 4120 trina
1071 4056 1154 4120 de
1187 4058 1342 4121 trib.
1372 4074 1699 4145 potestate
1738 4061 1922 4127 Veri.

1003 4158 1077 4223 Si
1110 4159 1551 4246 Cjapitolinum
1599 4147 1935 4239 audimus,
2003 4182 2222 4249 neque
2269 4163 2370 4227 in·

873 4271 985 4322 ter
1015 4258 1226 4326 bonos
1247 4307 1264 4339 ‚
1310 4282 1526 4349 neque
1553 4265 1763 4328 malos
1792 4264 2128 4349 principes
2177 4263 2368 4351 poni·

878 4372 1026 4439 tur,
1068 4381 1262 4447 quem
1297 4378 1549 4429 constat
1574 4360 1709 4430 non
1737 4365 2145 4430 inhorruisse
2164 4367 2362 4444 vitiis,

989 4592 1057 4663 a)
1097 4542 1382 4649 ‹le-rebus
1425 4593 1630 4654 Punic.
1664 4614 1714 4655 c.
1745 4596 1840 4662 66·

888 4696 936 4736 c.
975 4693 1022 4737 ι.
1168 4680 1231 4754 e)
1271 4678 1424 4739 Ibid.
1466 4702 1520 4742 c.
1546 4693 1599 4746 3.

2000 4594 2069 4670 b)
2107 4615 2220 4674 pro
2245 4596 2525 4655 Muraena
2559 4615 2607 4656 c.
2631 4605 2684 4660 5.

1781 428 1871 510 L.
1973 423 2585 500 AVRELI’VS
2685 425 3104 509 VER'VS.

2509 634 2635 678 nec
2710 614 3071 678 abundasse
3128 611 3477 679 virtutibus
3529 609 3635 692 d),
3698 614 3853 698 quin
3929 627 4002 678 et

2495 736 2759 783 ,amasse
2776 717 2840 778 in
2861 737 2942 779 eo
2963 719 3363 779 Antoninum
3401 716 3882 800 simplicitatem
3903 716 4008 777 in-

2510 819 2721 901 genii,
2768 832 2836 880 et
2863 819 3209 903 puritatem
3241 817 3449 880 refert
3495 819 3576 896 ε3).
3654 822 3741 880 At
3765 839 4001 901 parum

2507 922 2651 996 hic,
2709 935 2783 983 ut
2836 921 2994 983 alias
3044 919 3317 996 crebro,
3373 939 3598 983 secum
3648 921 3792 1004 ipso
3844 940 4000 982 con·

2505 1021 2734 1084 cordat
2764 1022 2872 1084 hic
2920 1021 3359 1106 biographus,
3425 1042 3574 1085 cum
3613 1020 3753 1106 e‘jus
3793 1020 4001 1085 licen·

2501 1123 2657 1184 tiam
2705 1122 2877 1184 vitae
2919 1142 3038 1205 per
3091 1120 3448 1198 adulteria,
3496 1123 3721 1199 aleae,
3765 1137 3833 1185 et
3882 1142 3999 1187 eo·

2501 1224 2949 1285 missationum
3022 1217 3626 1306 intemperantiam,
3701 1238 3999 1308 protrac-

2499 1337 2598 1386 tas
2627 1324 2980 1408 in-popinis
3026 1338 3288 1401 noctes,
3340 1341 3728 1414 provocatos
3781 1327 3863 1390 ad
3908 1327 4001 1389 ri·

2502 1446 2615 1486 xas
2650 1425 2910 1489 infimae
2952 1425 3163 1488 sordis
3198 1428 3497 1490 homines
3549 1429 3994 1515 persequitur,

2499 1528 2596 1591 sic
2622 1542 2692 1590 ut
2718 1547 2800 1590 eo
2830 1528 2975 1610 ipso
3011 1521 3183 1590 teste‘
3213 1529 3521 1590 vitiorum
3556 1529 3693 1613 Caji
3720 1575 3738 1605 ,
3773 1529 3998 1594 Nero·

2496 1629 2637 1702 nis,
2690 1650 2767 1692 ac
2818 1629 3074 1696 Vitellii
3104 1629 3399 1690 aemulus
3457 1599 3824 1696 exstiterih'
3876 1634 3997 1695 At-

2496 1749 2625 1815 que
2655 1730 2817 1794 haec
2847 1723 2945 1793 =ne
2967 1737 2973 1742 ’
2996 1730 3289 1813 gravius,
3350 1744 3416 1792 et
3466 1729 3532 1791 in
3569 1733 3738 1816 reip.
3768 1732 3994 1816 perni-

2496 1832 2664 1894 ciem
2704 1846 3128 1916 erumperent
3150 1876 3170 1906 ,
3217 1833 3356 1894 sola
3393 1847 3491 1907 est
3527 1831 3752 1895 fratris
3769 1846 3996 1896 aucto·

2493 1934 2685 2012 ritate
2717 1948 3033 1997 retentus.
3095 1932 3196 1995 Ad
3227 1933 3474 1994 bellum
3501 1934 3878 1998 Parthicum
3902 1933 3992 1997 ab

2490 2035 2762 2096 Aurelio
2795 2036 3029 2097 missus
3062 2035 3162 2096 rei
3196 2034 3528 2118 gerendae
3561 2055 3719 2098 cura
3751 2033 3991 2118 legatis

2490 2134 2808 2217 permissa
2855 2135 2996 2218 ipse
3048 2135 3160 2197 uni
3213 2127 3528 2219 voluptati
3555 2135 3806 2199 vacavit
3840 2148 3993 2197 acta

2493 2235 2859 2298 Laodiceae
2883 2236 3141 2316 hyeme,
3188 2236 3357 2320 apud
3380 2223 3696 2321 Daphnen
3711 2249 3986 2314 aestate,

2488 2337 2746 2422 reliqua
2795 2352 2982 2421 parte
3025 2337 3448 2411 Antiochiae,
3529 2337 3855 2421 rediitque
3909 2337 3987 2400 in

2486 2436 2720 2500 urbem
2758 2438 2965 2500 multo
2997 2457 3119 2522 per
3157 2437 3383 2519 Syriae
3403 2438 3673 2502 delicias
3707 2459 3985 2521 corrup-

2482 2539 2634 2602 tior.
2721 2539 2967 2601 Invitus
3009 2539 3091 2601 ad
3131 2539 3379 2602 bellum
3415 2538 3974 2604 marcomanicum

2482 2659 2630 2702 cum
2666 2638 2873 2702 fratre
2908 2640 3246 2725 profectus
3268 2686 3285 2717 ,
3331 2656 3397 2704 et
3434 2641 3620 2703 brevi
3659 2631 3976 2703 urbanam

2478 2740 2810 2803 licentiam
2858 2757 3237 2826 respectans
3268 2743 3555 2806 reditum
3594 2739 3975 2825 impetravit

2475 2842 2739 2927 quidem
2765 2886 2783 2918 ,
2830 2857 2895 2906 at
2922 2863 3045 2927 per
3089 2843 3217 2908 iter
3256 2845 3624 2928 inopinato,
3676 2856 3759 2905 *ut
3808 2840 3980 2904 dixi-

2479 2931 2664 3021 mti's,
2730 2946 2906 3007 malo
2976 2933 3329 3029 oppressus
3376 2945 3644 3009 interiit.
3719 2946 3995 3028 Corpus,

2484 3048 2855 3110 exanimum
2882 3046 2946 3107 in
2968 3044 3284 3107 Hadriani
3308 3048 3616 3129 sepulcro
3634 3047 3836 3131 patris
3861 3067 3982 3109 na·

2484 3147 2714 3210 turalis
2754 3149 2830 3209 L.
2853 3147 3025 3209 Aelii
3076 3147 3409 3212 cineribus
3458 3148 3582 3211 fuit
3633 3148 3988 3215 sociatum.

2480 3250 2664 3312 Haec
2706 3267 2788 3310 ex
2833 3247 3226 3331 Capitolino.

2608 3349 2795 3417 onr
2835 3352 3126 3427 Lucilla,
3171 3347 3255 3413 de
3287 3371 3414 3437 qua
3441 3348 3634 3416 infra.

3093 3574 3379 3638 Numi.-

2760 3754 3170 3825 1..VERVS.
3191 3756 3386 3822 AVG.
3409 3755 3619 3820 Anu.
3652 3758 3983 3824 PARTE.

2761 3860 2974 3921 ΜΑΧ.
3009 3861 3149 3923 ΤΒ.
3203 3860 3279 3922 Ρ.
3321 3859 3528 3925 VIIII.
3603 3863 3806 3940 Caput
3833 3865 3984 3925 lau·

2770 3970 3036 4023 reatum.

2481 4058 2672 4127 COS.
2721 4062 2835 4123 111.
2895 4064 3101 4124 Roma
3126 4063 3396 4143 yaleata
3422 4063 3672 4144 theraci
3683 4067 3981 4128 insidens

2480 4165 2656 4227 laun·
2686 4184 2933 4226 ramum
2948 4166 3233 4245 porrigit
3255 4168 3417 4227 Vero
3436 4167 3700 4246 ⁸valeam
3716 4209 3736 4241 ‚
3780 4177 3981 4247 etpa-

2480 4265 3022 4358 Iudatosadstants‘
3036 4308 3053 4339 ,
3099 4268 3245 4344 ὄρεα
3284 4276 3451 4328 retro
3487 4288 3533 4328 a
3562 4270 3848 4333 Victoria
3867 4288 3980 4331 co·

2479 4375 2763 4430 rorantur.
2808 4366 2942 4427 AE.
2965 4387 3133 4430 max.
3162 4363 3354 4460 mod3
3375 4367 3578 4449 (Mus.
3596 4371 3684 4431 Μ.
3707 4368 3974 4449 Ducis.)

2848 4598 2911 4670 c)
2951 4595 3011 4654 iu
3041 4595 3177 4655 Tib.
3218 4615 3346 4672 cap.
3379 4598 3433 4659 6.
3601 4589 3669 4665 d)
3710 4591 3772 4652 in
3802 4593 3972 4652 Vero
