4475 5584
305 1133 327 1170 0

1355 447 1497 523 F'L
1525 440 1823 522 AVIA
1921 441 2468 526 ΤῙΤῙΑΝΑ.

356 629 941 699 senatusconsulto
979 632 1060 697 ‹Ie
1083 629 1484 696 conferendo
1515 631 1706 695 uxori
1727 633 1856 695 Au-

356 751 589 821 gustae
625 735 818 799 titulo
844 733 1218 799 intercessit
1237 778 1254 812 ,
1296 733 1385 797 ita
1416 754 1631 821 neque
1650 733 1857 796 hono-

354 855 487 902 res·
502 837 901 903 monetarios
939 835 1230 900 indulsit.

634 1071 840 1141 Nomi
877 1079 1209 1138 commatis
1241 1077 1595 1155 pereyrz'ni‘.

484 1245 591 1306 Ex
622 1245 885 1306 urbibus
926 1245 1183 1319 liberis,
1229 1240 1287 1304 si
1319 1239 1854 1304 Thessalonicam

354 1346 621 1420 demas,
699 1343 885 1426 ciffus
940 1345 1211 1406 numum
1271 1362 1356 1405 ex
1415 1363 1646 1405 museo
1687 1341 1857 1403 Pfau

351 1437 520 1510 citat
550 1446 955 1521 Gessnerus,
1019 1467 1142 1506 una
1171 1445 1488 1526 Mytilene
1522 1443 1723 1506 Lesbi
1763 1442 1859 1505 in·

346 1546 544 1610 sulae
576 1545 736 1609 urbs
762 1546 973 1621 clara,
1019 1546 1198 1630 quod
1230 1546 1546 1610 hactenus
1579 1556 1856 1621 constet,

351 1647 692 1711 Titianam
725 1649 941 1708 numis
975 1647 1272 1711 inseruit.
1317 1651 1571 1711 Eccost

648 1745 1077 1813 TITIANH.
1136 1745 1577 1814 CCBACTH.
1639 1752 1855 1828 13¹qu

649 1860 863 1931 caput.
1210 1863 1215 1867 ·

342 1945 831 2014 MTTIAHN
839 1947 1108 2013 ΑῙΩΝ.
1149 1955 1458 2014 Pertinax
1476 1955 1857 2034 eque-spaci-

336 2057 649 2137 ficatoris
662 2056 908 2116 habitu.
944 2053 1079 2115 AE.
1105 2054 1154 2116 1.
1177 2054 1441 2135 (Haym‘.
1459 2058 1538 2117 Τ.
1554 2054 1688 2136 Lp.
1708 2054 1852 2128 aba.

345 2154 520 2219 edit.
561 2153 849 2221 Vindob-
888 2156 1058 2215 Mus.
1089 2153 1305 2234 Caes.)

491 2258 565 2317 In
587 2255 692 2317 his
722 2254 1075 2336 Mytilenes
1106 2255 1324 2316 numis
1346 2301 1362 2332 ,
1410 2270 1604 2340 atque
1634 2255 1852 2333 etiam,

346 2378 531 2444 quos
573 2377 731 2418 mox
773 2354 1168 2440 producam,
1230 2356 1693 2419 Alexandrinis
1737 2357 1857 2420 mi-

342 2477 508 2523 rum
540 2457 757 2519 videri
794 2470 1047 2542 potest,
1094 2454 1415 2519 Titianam
1463 2457 1594 2520 dici
1633 2463 1855 2539 Anqu-

348 2572 566 2636 ctam‚
632 2581 782 2623 eum
847 2573 1104 2634 tamen,
1190 2571 1262 2619 ut
1315 2557 1633 2638 diximus,
1698 2558 1857 2624 huie

352 2661 610 2726 honori
647 2683 684 2724 a
727 2643 955 2723 senatu
1007 2658 1290 2723 feminae
1329 2645 1597 2723 decreto
1636 2662 1851 2744 palam

348 2764 749 2828 adversatus
791 2761 878 2824 sit
916 2761 1249 2825 Pertinax.
1312 2758 1533 2853 Quare
1591 2762 1854 2843 provin-

349 2865 566 2932 ciales
599 2877 711 2926 aut
756 2882 899 2925 eam
938 2864 1296 2946 Augustam
1332 2861 1556 2923 fecere
1590 2865 1859 2940 προληπ-

350 2987 583 3043 verme,
627 2984 778 3029 eum
802 2977 935 3030 non
966 2963 1381 3042 dubitarent,
1423 2982 1591 3050 quae
1635 2967 1856 3052 Augu·
1956 2975 1961 2980 ’

3318 474 3455 548 141
3533 443 3538 450 ’

1968 634 2053 697 sti
2095 656 2266 701 uxor
2307 646 2517 710 esset,
2561 632 2949 720 propediem
2981 637 3313 724 Augustae
3351 641 3502 712 ho-,

1967 757 2132 799 nore
2163 733 2463 801 ornatuin
2511 735 2632 813 iri,
2676 751 2783 800 aut
2815 759 3049 802 numos
3080 761 3233 803 suos
3253 742 3468 825 signa·

1966 858 2129 902 vere
2199 857 2354 901 mox
2390 836 2641 901 'audito
2709 842 3276 905 senatusconsulto
3317 885 3335 918 ,
3398 856 3468 905 et

1970 949 2319 1022 antequam
2390 935 2558 1000 illud
2660 958 2696 1001 a
2764 941 3114 1004 Pertinace
3203 940 3496 1026 irritum,

1971 1051 2324 1103 constaret.
2381 1040 2598 1124 Atque
2634 1039 2757 1104 hac
2786 1083 2804 1116 ,
2850 1055 2959 1103 aut
2994 1042 3494 1130 similiration‘eq

1972 1139 2367 1227 corrigenda
2399 1153 2550 1203 sunt
2593 1162 2791 1223 prava
2844 1142 3330 1225 provinciarum
3365 1144 3466 1228 ju-

1971 1242 2182 1317 dicia,
2227 1262 2375 1306 cum
2427 1239 2605 1303 aliud
2647 1262 2683 1302 a
2720 1255 2979 1305 moneta
3021 1248 3351 1320 Romana,
3397 1260 3466 1310 et

1969 1342 2260 1406 unanimi
2291 1340 2755 1404 historicorum
2808 1362 3131 1407 consensu
3178 1366 3464 1434 pronun-

1973 1445 2181 1520 ciant,
2238 1440 2428 1525 cujus
2473 1443 2662 1526 plura
2713 1463 2837 1526 per
2880 1442 3006 1526 hoe
3049 1465 3212 1527 opus
3246 1466 3465 1508 exem·

1970 1546 2082 1630 pla
2135 1543 2459 1618 vidimus,
2516 1556 2590 1606 ut
2620 1563 2767 1606 cum
2815 1565 2873 1606 v.
2915 1565 2979 1627 g.
3009 1544 3463 1611 Britannicum

1973 1644 2230 1710 Claudii
2278 1640 2528 1721 filium,
2588 1644 2700 1729 qui
2751 1646 3136 1708 Caesaream
3190 1647 3464 1730 dignita-

1971 1762 2111 1811 tem
2154 1765 2486 1830 nunquam
2550 1744 2877 1822 excessit,
2941 1745 3009 1807 in
3070 1748 3284 1811 numis
3342 1770 3465 1814 suo

1971 1870 2248 1911 unarum
2277 1845 2550 1910 arbitrio
2582 1850 2944 1927 Auymtum
2979 1846 3250 1925 fecere,
3288 1861 3359 1911 ut
3394 1848 3468 1912 in

1970 1949 2162 2034 hujus
2208 1962 2469 2013 moneta
2518 1948 2816 2011 diximus.

2098 2054 2504 2114 Celonas-ium
2539 2050 2722 2111 numi
2758 2048 3238 2113 desiderantur,

2096 2119 2581 2218 Aleaeandrinos
2623 2150 2812 2213 binos
2857 2150 3127 2216 edidere
3170 2151 3460 2219 Vaillan-

1967 2252 2133 2331 tius,
2209 2256 2433 2335 (Num.
2478 2254 2744 2333 Graec.)
2791 2265 2858 2315 et
2901 2252 3249 2315 Morellius
3279 2297 3296 2329 ,
3363 2253 3467 2331 (in

1972 2355 2292 2440 Specim.)
2352 2354 2473 2416 hos
2533 2373 2793 2438 quoque
2851 2373 3000 2416 eum
3064 2354 3253 2417 titulo
3323 2350 3464 2413 CC-

1969 2451 2300 2519 BACTH.
2369 2456 2590 2517 Alium
2647 2458 2911 2519 Mareae
2955 2456 3237 2540 Aegypti
3278 2453 3470 2517 urbis

1969 2558 2262 2642 vulgavit
2299 2554 2600 2618 Maffeius
2623 2604 2641 2634 ,
2685 2555 2754 2616 in
2787 2556 2970 2638 eujus
2990 2554 3465 2619 aversatMA-

1970 2654 2511 2721 PE52T52N.L.
2535 2655 2618 2718 A.
2644 2661 2852 2721 Navis
2887 2679 3171 2738 expanso
3205 2663 3344 2724 velo
3379 2661 3466 2740 ⁸).

1971 2758 2105 2822 Sed
2149 2779 2306 2820 eum
2341 2756 2585 2822 diserte
2623 2758 2916 2854 spurium
2949 2771 3226 2823 testatur
3256 2759 3465 2844 judex

1970 2861 2185 2949 gravis
2218 2860 2720 2943 Barthelemyus
2753 2855 2844 2941 b).

1630 3286 2154 3350 PRETJVM,

775 3481 1112 3541 Commatn‘s
1154 3482 1429 3542 Romam·
1446 3501 1471 3540 .·

773 3580 1108 3642 commatis
1132 3584 1455 3662 pen-cyrini
1508 3583 1896 3666 Mytilenes,
1941 3598 2008 3647 et
2040 3580 2470 3646 Alexandrini
2533 3627 2549 3645 .
2647 3626 2664 3643 .
2750 3624 2766 3641 .

1396 3864 1794 3932 DIDIVS

488 4059 577 4121 Ei
623 4071 812 4141 pater
858 4060 1209 4124 Petronius
1262 4060 1499 4125 Didius
1546 4064 1852 4142 Severus,

1995 3517 2768 3545 00000000

2529 3557 2535 3570 a

1872 3866 2446 3932 IVLIANVS.

1971 4085 2120 4125 rum
2163 4055 2472 4136 dissidio,
2516 4060 2692 4146 quod
2729 4059 2851 4124 hac
2887 4016 3271 4144 tempestate
3320 4059 3468 4145 ipse

353 4173 578 4226 mater
627 4162 817 4224 Clara
858 4162 1134 4227 Aemilia
1200 4160 1365 4239 fuit,
1442 4178 1508 4228 et
1540 4186 1695 4228 avus
1744 4189 1856 4251 pa·
1966 4167 2219 4228 Romae
2294 4162 2498 4243 vixit,
2572 4162 2761 4248 sequi
2838 4161 3202 4236 malumus,
3251 4151 3466 4223 ‘natus

356 4277 593 4327 ternus
625 4262 900 4325 Insuber
930 4262 1439 4328 Mediolanensis
1471 4266 1551 4345 0)»
1609 4268 1855 4331 Secun-

360 4365 523 4428 dum
558 4363 793 4427 Dionis
841 4379 1257 4458 computum,
1327 4386 1524 4452 quem
1571 4367 1639 4430 in
1692 4369 1852 4433 alio·

1967 4283 2071 4360 est
2126 4283 2409 4333 exeunte
2466 4261 2766 4330 Ianuario
2793 4257 2983 4328 V.C.
3015 4262 3160 4325 886.
3236 4261 3463 4324 Rebus

1969 4371 2277 4456 gerendis
2352 4388 2476 4454 per
2539 4375 2818 4431 aetatem
2875 4366 3172 4429 admotus
3232 4363 3464 4426 Marco

476 4689 539 4759 a)
578 4685 781 4762 Antiq·
824 4685 976 4746 Gali.
1016 4707 1079 4765 p.
1111 4700 1231 4754 118-
1381 4691 1448 4764 1¹)
1492 4695 1661 4755 Mem.
1701 4696 1763 4753 B.
1799 4694 1861 4752 L.
1894 4692 2059 4753 Tom.
2090 4692 2307 4754 XXVI.
2343 4703 2466 4758 551.
2617 4695 2677 4767 c)
2716 4688 3010 4768 Spartian.

2922 4784 2977 4842 'l'
3024 4795 3066 4839 s
