4475 5584
1013 457 1109 536 29
1121 462 1159 521 3

988 631 1128 688 'aut
1177 623 1371 686 etiam
1418 617 1793 706 caracallae
1827 616 1957 681 sint
1990 612 2343 679 tribuendi.
2388 611 2515 675 Fa-

1012 738 1201 797 teor,
1286 720 1547 804 utrique
1615 718 1881 781 omnin‘o
1949 718 2214 782 obstare
2271 735 2508 778 annum

1016 824 1313 911 epochae
1334 865 1351 897 ,
1396 819 1519 882 sed
1546 841 1678 883 non
1726 818 1962 882 desunt
1997 817 2300 902 exempla
2329 835 2513 879 erro·

1014 948 1165 990 rum
1196 923 1244 987 a'
1268 923 1652 987 monetariis
1680 922 1747 983 in
1783 919 2066 985 notanda
2104 917 2358 1003 epocha
2402 918 2513 980 ad-

1012 1026 1390 1089 missorum.
1446 1026 1662 1108 Atque
1690 1021 1885 1084 etiam
1922 1022 2032 1084 hic
2069 1021 2364 1104 epochae
2400 1041 2510 1081 an·
2547 1085 2554 1092 ,

1011 1147 1137 1190 nus
1170 1127 1360 1189 unica
1411 1122 1648 1186 fiducia
1692 1136 1833 1200 est,
1877 1109 2003 1206 qua
2054 1120 2368 1184 Antonini
2414 1134 2509 1204 ty-

942 1217 955 1238 ⁴¹
1011 1228 1203 1291 ranni
1247 1246 1440 1290 causa
1489 1225 1744 1287 nititur.
1828 1226 1991 1287 Nam
2037 1222 2216 1309 quod
2273 1221 2355 1283 ad
2392 1240 2511 1284 no-

1008 1350 1165 1392 men
1223 1326 1500 1410 Sulpicii
1548 1324 1812 1401 attinet,
1870 1338 2131 1409 poterat
2174 1323 2303 1386 hoe
2359 1340 2506 1384 esse

1006 1427 1345 1513 praeditus
1399 1441 1512 1492 aut
1575 1426 1948 1504 Caracalla,
2006 1437 2120 1490 aut
2187 1423 2508 1509 Elagaba-

1713 1744 1776 1804 ο.
1862 1740 2244 1806 ινιινε
2328 1736 2678 1802 ream
2757 1701 3412 1800 MAXIMINVS.
3500 1755 3510 1772 ·

1139 1975 1210 2038 C.
1248 1973 1450 2036 Iulius
1472 1974 1689 2042 Verus
1717 1972 2107 2037 Maximinus
2128 2017 2145 2050 ,
2192 1991 2358 2058 quae
2387 1969 2506 2034 hu·

969 2123 975 2130 .
1007 2075 1112 2158 jus
1134 2075 1549 2162 imperatoris
1579 2088 1728 2139 sunt
1746 2075 2008 2138 nomina
2043 2059 2318 2137 testibus
2337 2095 2505 2136 mar-

1002 2175 1343 2253 moribus,
1401 2192 1591 2240 natus
1642 2190 1743 2240 est
1804 2175 1875 2238 in
1937 2175 2218 2239 Thracia
2270 2195 2505 2260 paren·

1003 2278 1183 2340 tibus
1237 2277 1568 2358 barbaris,
1630 2298 1912 2364 quorum
1957 2277 2127 2339 alter
2173 2295 2210 2339 e
2241 2275 2498 2353 Gothis,

1003 2392 1220 2442 mater
1265 2399 1349 2442 ex
1397 2380 1622 2443 Alanis
1679 2378 1824 2441 fuit.
1909 2376 2072 2460 Ejus
2118 2376 2332 2462 prima
2367 2376 2502 2441 vita
2552 2381 2560 2388 “

1004 2479 1346 2563 pastoritia
1368 2525 1387 2557 ,
1429 2495 1493 2543 at
1528 2502 1676 2544 cum
1705 2479 2157 2543 liberaliorem
2202 2478 2329 2541 sibi
2367 2477 2504 2540 for-

1001 2592 1227 2643 tunam
1261 2604 1299 2644 a
1336 2583 1635 2666 corporis
1657 2581 1945 2658 robore,
1990 2602 2120 2666 quo
2159 2601 2356 2663 supra
2385 2578 2502 2642 ho·-

1002 2680 1198 2763 minis
1248 2681 1516 2745 modum
1560 2669 1867 2761 valebat,
1909 2683 2183 2762 auderet
2227 2680 2501 2766 promit·

1004 2796 1190 2862 tere,
1247 2788 1525 2847 Romam
1569 2782 1786 2861 venit,
1831 2781 2104 2867 ejusque
2157 2803 2309 2847 cum
2347 2802 2504 2867 pro-

1007 2884 1388 2960 ceritatem,
1447 2898 1586 2948 tum
1645 2884 1824 2956 vin-,es
1875 2884 2145 2946 miratus
2211 2883 2501 2949 Severus

908 3031 909 3034 η
1003 2985 1306 3048 militiam
1353 2986 1540 3070 sequi
1581 2985 1794 3070 jussit.
1861 2983 1999 3048 Sub
2028 2984 2194 3066 hoe,
2244 2997 2314 3077 et
2359 2982 2499 3048 filio

1005 3086 1342 3151 Caracalla
1404 3106 1552 3148 cum
1608 3088 1825 3151 varios
1890 3083 2141 3149 ordinis
2190 3085 2291 3149 sui
2355 3107 2501 3169 gra·

1006 3188 1129 3250 dus
1163 3173 1600 3270 pervasisset,
1647 3186 1922 3249 subinde
1972 3183 2190 3248 taedio
2222 3185 2501 3249 Macrini

1000 3286 1072 3350 in
1106 3288 1380 3371 patriam
1420 3287 1657 3365 rediit,
1703 3308 1834 3373 quo
1867 3305 2059 3349 caeso
2094 3306 2403 3350 reversus
2431 3286 2500 3348 in

1003 3401 1220 3452 castra
1269 3389 1493 3471 paullo
1541 3377 1690 3474 pou}
1735 3387 1815 3449 ab
1849 3386 2230 3449 Alexandro
2259 3430 2275 3463 ,
2321 3386 2499 3470 igna-

997 3508 1080 3552 ro
1138 3501 1317 3565 tum,
1379 3508 1575 3575 quem
1635 3487 1949 3562 efferret,
2025 3486 2110 3549 ad
2174 3487 2496 3551 maximos

1003 3589 1296 3654 honores
1347 3605 1625 3675 propter
1686 3590 1989 3653 laborum
2058 3589 2495 3667 tolerantiam,

1004 3704 1075 3753 et
1134 3690 1521 3775 disciplinae
1583 3689 1888 3754 militaris
1957 3690 2296 3754 scientiam
2344 3710 2498 3775 pro-

1002 3803 1222 3855 motus
1261 3805 1400 3869 est,
1458 3806 1525 3855 et
1570 3792 1946 3877 praefectus
1997 3791 2494 3876 supplementis,

1000 3913 1172 3977 quae
1205 3893 1347 3977 ipse
1383 3893 1453 3956 in
1501 3893 1833 3958 Pannonia
1865 3894 2369 3977 conscripserat.
2414 3894 2496 3959 V.

1001 3995 1080 4060 C.
1122 3994 1247 4077 988
1297 3995 1745 4060 Alexandrum
1799 3995 1882 4059 ad
1921 3997 2173 4058 bellum
2229 3994 2500 4057 Germa·

1001 4093 1227 4160 nicum
1258 4112 1555 4175 secutus,
1598 4096 1812 4160 fretus
1854 4096 2192 4182 legionum
2220 4096 2288 4156 in
2321 4094 2496 4157 huno

1001 4196 1158 4263 odio
1194 4212 1499 4274 recente,
1545 4218 1943 4282 suorumque
1980 4198 2262 4273 adfectu,
2296 4197 2500 4282 irnpe-

1000 4311 1293 4362 r'atorem
1336 4297 1419 4361 de
1459 4319 1530 4360 se
1561 4299 1837 4384 egregie
1882 4300 2317 4383 promeritum
2349 4318 2499 4381 per-

998 4396 1131 4464 fide
1169 4419 1211 4476 e
1243 4398 1464 4463 medio
1489 4400 1750 4463 sustulit
1770 4443 1786 4476 ,
1832 4398 2007 4462 forte
2033 4400 2207 4464 circa
2238 4399 2497 4460 initium

1079 4688 1140 4759 a)
1179 4682 1248 4747 lt.
1287 4662 1370 4746 ce.
1520 4682 1586 4760 b)
1627 4683 1701 4744 de
1731 4684 1868 4746 trib.
1896 4695 2024 4765 pot.
2055 4706 2116 4765 p.
2154 4695 2258 4752 181
2307 4695 2365 4746 et
2395 4697 2520 4762 2⁷9·

1827 431 2134 509 SVLP.
2189 425 2525 506 vnAN.
2604 395 3317 501 ANTonvs.

2624 609 2770 687 lua,
2815 608 2940 673 etsi
2972 606 3147 674 istud
3179 608 3586 693 ignoremus.
3631 609 3829 673 Numi
3866 622 4117 676 tantum

2626 711 2867 776 Graeci
2908 711 3282 775 Caracallae
3335 709 3661 772 dederunt
3708 731 3952 774 nomen
3999 713 4115 777 Se-

2621 813 2804 888 veri,
2865 811 3267 875 Etruscillae
3327 829 3573 874 nomen
3616 813 4114 897 Cupresseniae,

2624 913 2930 977 Gallieno
2976 909 3280 996 Egnatii,
3341 902 3689 976 Saloninae
3743 913 4115 999 Chrysogo-

2621 1034 2780 1089 nes,
2859 1014 3096 1099 quibus
3151 1013 3720 1098 'appellationibus
3784 1015 4115 1082 abstinent

2620 1115 2805 1179 numi
2853 1114 3153 1194 Romani.
3198 1116 3510 1178 Ceterum
3547 1115 3699 1179 vide
3750 1115 4114 1198 prolixiora

2623 1216 2707 1279 de
2745 1215 2848 1278 his
2878 1216 3096 1279 numia
3128 1214 3369 1299 judicia
3416 1213 3588 1300 apud
3614 1217 3999 1299 Haymium,
4043 1233 4114 1282 et

2618 1316 3006 1381 Bimardum
3054 1316 3150 1400 ⁸),
3193 1318 3657 1384 Mazzolenum
3689 1318 3788 1399 ¹⁵),
3832 1333 3902 1385 et
3949 1319 4114 1385 Maf-

2617 1418 2822 1484 feium
2857 1417 2939 1501 ο).

3995 1699 4144 1806 ..ff

2618 1967 2809 2045 Iulii,
2857 1949 3042 2053 certe
3071 1987 3204 2031 non
3232 1967 3445 2032 serius
3467 2012 3486 2051 ‚
3528 1981 3602 2034 ut
3631 1988 3827 2056 supra
3863 1969 3931 2034 in
3954 1969 4114 2035 Ale·

2618 2070 2870 2135 xandro
2903 2069 3201 2156 probavi.

2970 2278 3042 2341 V}
3094 2274 3154 2339 C.
3202 2285 3349 2343 988.
3392 2281 3464 2339 P.
3511 2279 3593 2340 X.
3639 2282 3784 2340 235.

2795 2378 2920 2441 ΤΒ.
2948 2379 3017 2438 Ρ.
3055 2380 3231 2441 COS.
3262 2382 3454 2441 DES.
3500 2382 3571 2441 P.
3615 2383 3706 2442 M.
3749 2383 3819 2442 P.
3864 2382 3938 2444 P.

2936 2478 3176 2542 Severo
3195 2521 3213 2555 ,
3262 2477 3632 2557 Quintiano
3651 2499 3779 2545 cos.

2744 2679 2955 2762 Caeso
3001 2678 3382 2743 Alexandro
3430 2681 3823 2747 Maximinus
3871 2685 3952 2749 ab
3997 2706 4114 2750 ex·
4179 2700 4186 2706 ’

2617 2781 2833 2845 ercitu
2893 2782 3255 2865 imperator
3318 2782 3718 2847 adclamatus
3784 2786 4108 2869 probante

2615 2902 2773 2944 mox
2822 2897 3051 2946 senatu
3085 2883 3398 2946 resistere
3435 2905 3570 2948 non
3602 2905 3780 2951 auso.
3811 2943 3822 2950 .
3861 2889 4109 2952 Filium

2615 2984 2974 3047 Maximum
3046 2986 3394 3047 Caesarem
3450 2999 3667 3064 creat,
3745 3007 4108 3076 omnesque

2614 3084 2976 3148 Alexandri
3029 3088 3273 3150 amicos
3323 3100 3434 3150 aut
3486 3087 3640 3151 loco
3691 3103 3950 3165 movet,
3995 3104 4112 3153 aut

2614 3185 2954 3249 interimit.
3004 3187 3313 3250 Rhenum
3351 3201 3797 3274 transgressus
3839 3192 4110 3256 Germa·

2613 3306 2737 3352 nos
2773 3285 2957 3351 bello
2998 3287 3279 3372 impetit.

3342 3389 3381 3430 Q

3175 3432 3215 3472 s
3259 3435 3270 3442 ·
3507 3434 3547 3473 σι

2816 3521 2824 3542 .
2896 3490 3077 3555 IMP.
3112 3491 3636 3563 MAXIMINVS.
3665 3493 4108 3565 PIVS.AVG.

2900 3594 3102 3673 Caput
3132 3596 3509 3670 laureatum,
3556 3599 3753 3658 etiam
3782 3599 4109 3660 radiatum

2900 3695 2971 3753 δη
3007 3697 3150 3757 ΑΕ.
3183 3696 3279 3758 ΙΙ.

2611 3791 2688 3855 Ρ.
2723 3793 2815 3853 Μ.
2851 3793 2993 3855 TR.
3036 3795 3111 3856 Ρ.
3146 3796 3220 3856 Ρ.
3262 3794 3334 3856 Ρ.
3381 3799 3733 3878 Imperator
3751 3802 4108 3880 paludatus

2612 3904 2795 3955 stam
2819 3895 2986 3956 inter
3016 3900 3142 3958 duo
3163 3899 3354 3976 siqua
3373 3901 3691 3961 militaria
3710 3906 3771 3964 d.
3794 3904 3968 3964 elata
3987 3945 4004 3976 ,
4049 3922 4105 3965 s.

2611 3996 2882 4072 hastam.
2919 3996 3058 4061 AV.
3093 3996 3230 4057 AR.
3270 3999 3401 4058 AE.
3444 3998 3490 4061 1.
3525 4000 3606 4061 11.
3651 3997 3855 4083 (Mus.
3885 4002 4105 4083 Caes.)

2663 4087 2668 4090 ²
2939 4099 3185 4159 Eadem
3228 4103 3520 4163 adversa.

2610 4194 3216 4260 LIBERALITAS.
3251 4199 3451 4266 AVG.
3478 4204 3871 4267 Liberalitas
3901 4216 4111 4270 stam.

2612 4293 2750 4364 AV.
2796 4296 2935 4360 AR.
2996 4300 3068 4360 ln
3123 4301 3308 4362 aliis:
3367 4304 3723 4382 Imperator
3753 4310 4104 4389 ,conqt‘art'o

2603 4403 3020 4479 praesidem.-
3038 4402 3176 4463 ΑΕ.
3221 4404 3269 4463 1.
3315 4404 3514 4484 (Mus.
3546 4405 3764 4488 Caes.)

2671 4689 2733 4763 c)
2772 4689 2910 4750 Ant.
2946 4686 3100 4748 Gall.
3140 4708 3201 4767 p.
3236 4701 3364 4756 118.
