4475 5584
1061 483 1151 548 η
1546 450 1553 453 ’
1755 457 1854 531 Μ.
1961 454 2569 531 AVRELIVS
2665 440 3425 539 ANTONINVS

1058 660 1389 731 steaquam
1431 662 1546 708 eos
1602 641 1906 707 secundis
1968 640 2143 705 curis
2189 651 2386 723 atque
2453 650 2547 701 at-

1056 749 1298 812 tentius
1346 748 1798 831 inspexeram‚
1865 743 2060 806 facile
2111 739 2282 816 vidi,
2343 740 2545 802 linea·

1057 863 1274 911 menta
1338 850 1474 910 oris
1538 860 1763 931 aperte
1816 846 1882 905 in
1935 843 2187 906 senium
2237 860 2542 924 vergere,

1057 946 1333 1011 multum
1396 948 1768 1012 abludentia
1834 945 1915 1007 ab
1978 944 2098 1019 iis,
2158 942 2396 1028 quibus
2454 939 2549 1003 la-

1054 1050 1252 1113 bente
1282 1049 1411 1112 boe
1445 1049 1786 1112 consulatu
1816 1044 2126 1109 Aurelius
2163 1045 2233 1105 in
2289 1054 2550 1106 moneta

1057 1152 1468 1235 proponitur.
1547 1150 1767 1244 Quare
1814 1147 1885 1208 bi
1920 1166 2181 1231 quoque
2236 1144 2419 1207 numi
2466 1142 2551 1206 ad

1053 1251 1123 1314 id
1164 1267 1424 1336 tempus
1472 1246 1837 1334 pertinent,
1902 1268 2031 1332 quo
2061 1247 2264 1330 patris
2300 1244 2547 1330 patriae

1052 1354 1255 1417 titulo„
1287 1353 1546 1447 demum
1588 1349 1807 1433 coepit
1841 1347 2144 1432 gloriari,
2189 1360 2386 1431 atque
2437 1365 2548 1410 ve·

1051 1454 1453 1529 risimiliter,
1499 1466 1576 1515 ut‘
1602 1472 1681 1515 ex
1715 1449 2169 1524 lineamentis,
2215 1467 2384 1532 quae
2429 1468 2546 1507 nu·-

1050 1557 1136 1616 mi
1184 1555 1510 1630 offerunt,
1574 1552 1897 1635 conjicio,
1942 1549 2025 1613 ad
2075 1571 2314 1613 annum
2348 1551 2435 1617 V.
2470 1548 2543 1613 C.

1047 1657 1204 1739 932,
1251 1671 1360 1720 aut
1391 1655 1918 1740 praecedentem.

1051 1877 1631 1947 ARMENJACVS
1716 1872 2214 1937 PARTHICVS
2308 1872 2528 1932 MAX.

1390 1996 1401 2005 ·
1586 1977 1992 2038 MEDICVS.

1165 2166 1273 2226 De
1302 2161 1511 2224 tribus
1541 2160 1645 2222 his
1689 2157 1944 2222 collatis
1979 2157 2306 2218 bonorum
2324 2155 2531 2218 titulis

1048 2266 1315 2330 definite
1370 2260 1771 2353 Capitolinus
1805 2262 1902 2342 ⁸):
1967 2264 2202 2323 Gestae
2258 2269 2406 2320 sunt
2435 2279 2538 2320 res

1043 2377 1114 2432 in
1140 2369 1451 2432 Anneuia
1474 2382 1775 2445 prospere
1798 2382 1916 2441 per
1945 2364 2231 2424 Statium
2251 2363 2538 2421 Priscum

1039 2472 1387 2535 Artaxatis
1425 2470 1633 2546 captis
1649 2508 1667 2540 ‚
1715 2466 2117 2544 delatumque
2160 2465 2537 2524 ARMENI-

1041 2575 1290 2636 ACVM
1347 2587 1572 2630 nomen
1624 2568 1878 2647 utrique
1919 2566 2284 2647 principum
2304 2607 2322 2637 ‚
2368 2568 2543 2645 quod

1039 2679 1299 2739 Marcus
1329 2691 1448 2751 per
1477 2670 1920 2733 verecundiam
1943 2669 2154 2746 primo
2193 2669 2534 2740 recusavit,

1029 2787 1259 2856 postea
1287 2764 1500 2835 lamen
1535 2773 1789 2850 recepit.
1835 2765 2105 2829 Plenius
2126 2764 2386 2828 idem·in
2406 2767 2537 2832 Ve-

1032 2899 1112 2940 ro
1142 2873 1207 2956 b)
1224 2899 1243 2938 ι
1289 2876 1656 2937 Parthicum
1687 2872 1919 2931 bellum
1950 2872 2207 2932 Statius
2256 2871 2531 2942 Priscus,

1032 2989 1098 3042 et
1131 2982 1408 3042 Avidius
1451 2975 1740 3045 cassim,
1786 2980 1851 3032 et
1876 2974 2153 3033 Martius
2183 2974 2382 3033 Verus
2417 2990 2537 3050 per

1033 3082 1523 3164 quadriennium
1560 3075 1994 3151 confecerunt,
2040 3075 2136 3133 ita
2166 3082 2239 3133 ut
2257 3068 2533 3152 Babylo·

1032 3202 1173 3243 nem
1194 3224 1210 3255 ,
1269 3189 1333 3242 et
1371 3178 1652 3239 Mediam
1706 3175 2143 3251 pervenirent,
2201 3183 2269 3234 et
2311 3178 2534 3236 Arme-

1032 3285 1212 3343 niam
1250 3282 1681 3349 vitmicarem,
1717 3285 2100 3356 partumque
2117 3285 2231 3336 est
2245 3278 2392 3354 -ipsi
2422 3296 2534 3337 no-

1033 3403 1177 3447 men
1212 3364 1728 3450 ARMENJACJ,
1751 3379 1920 3438 PAR
1930 3378 2181 3450 THICI,
2210 3378 2539 3451 memet,

1033 3487 1207 3565 quod
1234 3485 1432 3543 etiam
1463 3483 1682 3540 Marco
1712 3481 1954 3539 Romae
1991 3480 2214 3556 ayenti
2244 3479 2523 3538 delatum

1032 3593 1144 3645 cst.
1172 3579 1445 3643 -Omnes
1488 3580 1563 3649 hi
1590 3579 1762 3640 tituli
1810 3576 2319 3661 comprobantur
2364 3600 2521 3664 quo·

1034 3705 1162 3771 que
1188 3683 1437 3758 numis,
1486 3695 1553 3743 et
1581 3680 1841 3765 quidem
1871 3679 1998 3740 boc
2030 3677 2303 3742 ordine:

1157 3783 1759 3850 ARMENIACVS.
1799 3781 1992 3844 Hunc
2009 3780 2273 3842 titulum
2307 3800 2523 3844 susce-

1030 3888 1129 3974 pit
1191 3888 1476 3972 primum
1542 3884 1612 3946 in
1663 3881 1998 3944 tribunatu
2068 3882 2300 3949 XVIII.
2318 3925 2336 3958 ‚
2411 3881 2525 3965 qui

1035 3989 1256 4074 coepit
1295 3988 1364 4049 in
1428 4006 1573 4050 mea
1634 3984 1954 4047 sententia
2009 3983 2328 4047 Kalendis
2390 3985 2523 4048 Ian.

1030 4092 1118 4158 V.
1152 4092 1224 4154 C.
1258 4111 1405 4176 9¹7·
1443 4091 1520 4153 P.
1559 4089 1645 4151 X.
1687 4084 1822 4158 164.
1897 4085 1987 4148 At
2028 4087 2360 4172 aliquanto
2395 4108 2527 4149 ma·

1037 4193 1245 4259 turius
1281 4213 1363 4255 eo
1398 4191 1496 4254 uti
1526 4187 1760 4272 coepit
1795 4189 2059 4263 Verus,
2103 4189 2412 4250 nimirum
2464 4189 2533 4249 in

1041 4295 1373 4359 tribunatu
1417 4295 1571 4367 111.‚
1618 4290 1729 4375 qui
1774 4292 1993 4374 eoepit
2040 4291 2361 4353 Kalendis
2396 4293 2529 4353 Ian.

1038 4395 1187 4483 9¹⁶·
1228 4397 1306 4458 P.
1350 4398 1432 4459 X.
1487 4391 1640 4468 uba,
1703 4405 1770 4454 et
1814 4393 2172 4456 verisimile
2232 4408 2366 4468 est,
2425 4412 2535 4454 ex·

1043 4492 1242 4558 eunte
1280 4496 1410 4559 boc
1461 4514 1631 4558 anno
1678 4495 1940 4580 utrique
1986 4517 2024 4558 a
2087 4509 2315 4560 senatu
2379 4496 2537 4558 fuis-

1156 4711 1216 4781 a)
1258 4708 1319 4764 in
1360 4707 1615 4765 Aurelio.
1764 4707 1832 4780 b)
1871 4709 2017 4788 Cap.
2060 4725 2115 4775 ¹7.

2642 1041 3015 1123 pitolinum
3066 1043 3367 1106 vidimus.

2269 4714 2330 4784 c)
2372 4711 2432 4767 iu
2468 4710 2647 4775 Vero)

2660 628 2758 702 se‘
2788 639 3165 716 decretum,
3228 654 3298 704 et
3363 639 3673 706 continuo
3726 639 3888 704 Veri
3939 642 4152 705 nuruis

2657 740 3016 816 insertum,
3078 743 3351 805 Aurelio
3409 744 3693 826 primum
3729 743 3903 804 hunc
3945 741 4151 804 hono·

2658 860 2801 903 rem
2853 843 3038 905 velut
3090 843 3215 904 sibi
3267 842 3629 905 indebitum
3661 852 4043 919 recusante,
4088 857 4153 907 at

2658 952 2887 1024 postea
2939 942 3349 1026 acceptante,
3422 942 3599 1028 quod
3649 956 3717 1005 et
3768 944 3995 1007 testari
4038 947 4153 1008 Ca·

3445 1044 3724 1107 Biennio
3758 1052 3906 1129 po'st
3941 1047 4008 1108 in
4049 1067 4157 1108 so-

2665 1144 2968 1206 cietatem
3007 1143 3290 1209 adscitus
3326 1160 3428 1207 est
3461 1145 3687 1208 titulus
3713 1150 4000 1209 Parthici
4017 1152 4154 1211 Ma-

2662 1249 2832 1308 xima·
2852 1290 2870 1321 ,
2916 1245 2998 1337 de
3033 1262 3163 1329 quo
3200 1260 3434 1331 agetur
3473 1247 3804 1309 continuo.

2787 1351 3280 1411 PARTHICVS
3342 1351 3781 1411 MAXIMVS.
3881 1350 4155 1432 Compa-

2661 1461 2765 1511 ret
2827 1448 3113 1532 primum
3179 1449 3246 1510 in
3294 1448 3568 1531 Aurelii-
3597 1449 3932 1513 tribunatu
3974 1454 4152 1526 XX„

2662 1544 2781 1611 s'ed
2822 1548 2954 1630 jam
2992 1549 3263 1630 adult03
3305 1571 3452 1611 nam
3499 1548 3707 1612 multo
3747 1551 3974 1633 plures
4007 1567 4156 1620 aunt

2654 1651 2847 1733 hujus
2895 1650 3262 1712 tribunatus
3317 1650 3537 1724 numi,
3616 1651 3727 1736 qui
3782 1651 3910 1715 hoc
3956 1653 4151 1716 titulo

2615 1738 3000 1815 ‘abstinent.
3068 1751 3301 1836 Coepit
3339 1750 3501 1814 haec
3533 1754 3674 1816 XX.
3712 1766 4003 1838 potestas
4023 1758 4152 1817 Ka·

2647 1852 2858 1915 lendis
2905 1855 3040 1916 Ian.
3080 1853 3159 1918 V.
3195 1854 3267 1915 C.
3325 1870 3468 1935 quq.
3527 1855 3601 1914 P.
3646 1855 3728 1916 X.
3774 1854 3914 1921 nob.
4010 1856 4142 1918 Sed

2646 1954 2820 2017 hunc
2852 1973 3112 2039 quoque
3144 1954 3403 2017 titulum
3445 1955 3522 2016 L.
3545 1954 3792 2020 Verum
3848 1954 4143 2038 priorem

2652 2075 3047 2139 occupasse,
3089 2056 3750 2140 numi'persuadent3
3800 2056 3931 2139 jam
3969 2058 4145 2120 enim

2652 2157 2902 2241 legitur
2951 2157 3018 2217 in
3057 2158 3198 2240 ejus
3249 2158 3579 2220 tribunatu
3619 2159 3737 2237 V„
3783 2160 3918 2245 qui*
3942 2160 4146 2222 exivit

2655 2278 2803 2320 eum
2842 2279 3012 2321 anno
3057 2259 3308 2321 Iuliano
3350 2260 3430 2324 V.
3467 2261 3537 2321 C.
3575 2260 3718 2341 918.
3767 2263 3839 2322 P.
3873 2263 3955 2324 X.
4008 2262 4142 2327 165.

2655 2356 3013 2423 Confirmat
3062 2358 3131 2421 id
3191 2356 3454 2445 quotfue
3513 2360 3962 2445 Capitolinus,
4031 2364 4142 2449 qni

2650 2473 2871 2524 narrat
2902 2462 2962 2541 ο)
2991 2505 3011 2537 ,
3057 2460 3308 2526 Verum
3341 2463 3602 2525 nomina
3623 2507 3642 2540 ,
3685 2484 3852 2548 quse
3887 2463 4016 2526 sibi
4035 2465 4146 2528 de-

2651 2564 2779 2625 lata
2815 2562 3114 2638 fuerant,
3180 2581 3329 2625 cum
3377 2562 4141 2630 fratre‘communicasse

2650 2663 2757 2727 die
2779 2663 3130 2748 triumphi,
3177 2683 3372 2748 quem
3413 2667 3662 2749 pariter
3693 2668 4142 2737 celebrarunt.

2649 2768 2835 2829 Haec
2883 2766 3145 2828 nomina
3194 2765 3463 2829 fuerunt
3509 2770 3835 2846 Parthici,
3899 2783 3971 2833 et
4018 2777 4149 2835 Me·

2650 2872 2821 2944 dici,
2883 2869 3060 2948 (nam
3109 2872 3487 2930 Armeniaci
3527 2883 3804 2954 uterque
3845 2871 3981 2954 jam
4019 2875 4147 2957 pri—

2652 2969 2802 3031 dem
2836 2990 2992 3031 usus
3029 2970 3181 3047 est).
3245 2972 3448 3032 Actus
3480 2983 3578 3032 est
3623 2969 3731 3035 bic
3770 2972 4142 3059 triumphus

2647 3092 2815 3134 anno
2860 3071 2945 3136 V.
2990 3072 3062 3134 C.
3112 3089 3269 3152 qut),
3333 3092 3463 3154 quo
3511 3094 3680 3135 anno
3731 3093 3971 3137 revera
4021 3079 4147 3138 Au·

2645 3173 2887 3249 relius,
2932 3192 3148 3255 neque
3188 3186 3376 3235 ant-ea
3426 3175 3744 3236 PARTE.
3781 3179 3998 3240 Max.
4035 3190 4145 3261 ap·

2645 3272 2884 3356 pellari
2913 3273 3180 3358 incipit.
3254 3276 3342 3337 At
3388 3293 3547 3338 vero
3595 3278 3674 3337 1..
3709 3276 3963 3341 Verum
4014 3279 4146 3362 jam

2643 3397 2812 3439 anno
2858 3376 2940 3442 V.
2987 3376 3059 3438 C.
3116 3376 3264 3459 918.
3320 3375 3566 3440 dictum
3618 3375 3821 3441 fuisse
3885 3380 4145 3443 Parthi·

2650 3496 2797 3540 cum
2851 3480 3021 3540 Max.
3051 3523 3069 3553 ‚
3146 3476 3209 3538 in
3270 3476 3412 3560 ejus
3469 3479 3683 3542 numis
3735 3479 4144 3564 probabitur.

2645 3582 2793 3641 Hoc
2827 3582 3118 3641 Parthici
3150 3583 3329 3643 Max.
3368 3579 3559 3643 titulo
3596 3581 3948 3664 conjuncto
3993 3605 4141 3646 cum

2595 3713 2612 3741 x
2635 3682 2844 3744 altero
2864 3684 3238 3743 Armeniaci
3252 3702 3403 3745 usus
3435 3695 3534 3744 est
3551 3683 3883 3773 Aurelius,
3918 3684 4138 3770 quoad

2636 3783 2843 3847 frater
2885 3784 3080 3857 vixit,
3127 3785 3240 3867 qui
3267 3799 3566 3848 mortuus
3601 3800 3703 3849 est
3735 3786 3802 3848 in
3840 3786 3986 3865 ejus
4025 3788 4139 3849 tri·

2641 3884 2889 3948 bunatu
2943 3885 3218 3961 xx111.‚
3286 3908 3434 3948 nam
3482 3888 3660 3949 numi
3714 3889 3970 3951 Aurelii
4017 3888 4141 3967 boc

2641 3987 2908 4050 labente
2943 3985 3428 4071 signatipartim
3462 3988 3584 4052 bos
3607 3988 3837 4052 titulos
3867 3990 4140 4066 addunt,

2644 4091 2877 4174 partim
2918 4089 3258 4164 omittunt,
3309 4109 3455 4152 cum
3494 4110 3625 4175 quo
3672 4094 3946 4177 egregie
3978 4076 4136 4156 item

2647 4192 2976 4276 conspirat
3035 4190 3348 4271 historia3
3408 4212 3558 4253 nam
3618 4192 3826 4257 refert
3871 4194 4138 4279 Capito·

2646 4294 2817 4356 linus
2867 4290 2973 4375 Q,
3036 4293 3378 4357 Aurelium
3420 4288 3613 4357 fratri
3659 4308 3921 4360 mortuo
3987 4297 4142 4362 titu-

2645 4395 2785 4457 lum
2817 4398 3105 4458 Parthici
3150 4394 3333 4458 velut
3360 4392 3702 4479 proprium
3732 4398 4137 4480 permisisse,

2649 4514 2719 4557 se
2773 4510 2988 4575 autem
3031 4501 3478 4560 Germanicum
3531 4499 3915 4581 appellasse.
4007 4502 4137 4563 Sed

2765 4711 2865 4782 ,d)
2906 4710 2966 4767 in
3005 4709 3250 4771 Aurelio
3287 4729 3338 4767 c.
3381 4721 3466 4770 12.

3329 4966 3366 4981 A
