4475 5584
1208 439 1355 527 264
1625 437 1634 442 ’
2345 435 3149 559 DRYANTILLa.

1207 629 1279 693 in
1325 621 1703 710 Regaliani,
1766 641 1958 706 quam
1999 595 2425 704 .i)ryan1illae
2482 619 2698 683 numis
2811 595 3009 683 bituri
3040 618 3151 684 vix
3188 629 3424 703 potest.
3466 616 3548 685 V.
3584 615 4096 711 Quemadmodum
4121 639 4201 680 nu·
4304 661 4305 668 κ

1211 727 1478 794 omnino
1528 736 1626 786 est
1669 721 1936 800 eadem,
1981 743 2113 807 quo
2164 725 2309 785 solo
2356 740 2701 805 argumen-
2813 739 2991 786 mum
3023 720 3368 805 Regaliani
3404 739 3485 781 ex
3521 738 3718 783 numo
3756 719 4085 783 caracallae
4112 719 4204 781 for·

1206 846 1278 894 to
1337 826 1722 891 absterritus
1783 845 1959 899 sum,
2021 843 2153 906 quo
2213 824 2462 895 minus,
2519 821 2696 904 quod
2812 834 3053 884 matum
3102 821 3414 896 vidimus,
3476 820 3571 883 sic
3616 818 3788 880 idem
3829 820 4045 884 factum
4078 819 4206 885 vide·
4306 813 4307 828 ¹

1209 927 1558 1015 aliquando
1613 923 1898 986 tenuiter
1954 923 2364 1006 suspicabar,
2408 924 2698 985 Pacatia-
2811 941 2957 982 mus
2997 920 3066 982 in
3098 922 3313 984 numis
3347 921 3775 1002 Dryantillae.
3828 921 3981 983 Sane
4018 922 4201 986 nullum
4308 1001 4309 1004 Ἴ

1205 1034 1275 1095 ni
1317 1047 1624 1102 uxorem,
1671 1024 1863 1106 hujus
1904 1043 2166 1108 quoque
2203 1037 2447 1086 tractus
2479 1037 2695 1106 tyran·
2809 1020 3002 1105 hujus
3030 1022 3363 1107 Augustae
3391 1046 3660 1086 numum
3682 1023 4016 1106 conspexi,
4041 1022 4200 1108 inquo

1203 1132 1310 1209 ni,
1384 1143 1773 1199 statuerem,
1852 1125 2028 1209 quod
2088 1126 2154 1186 in
2223 1124 2417 1207 hujus
2479 1123 2695 1187 numis
2806 1143 2940 1185 non
3008 1137 3339 1186 exstarent
3397 1124 3731 1187 luculenta
3786 1124 4202 1210 prioris-cujas-

1199 1233 1353 1318 plus
1385 1231 1577 1304 artis,
1637 1227 1845 1290 multo
1881 1226 2195 1309 majorem
2237 1224 2692 1290 characterum
2740 1281 2749 1292 .
2805 1224 2979 1310 piam
3013 1225 3303 1289 matricis
3333 1225 3592 1288 indicia.
3639 1223 4114 1288 Commemoravi
4137 1246 4201 1286 n·-

1200 1332 1592 1420 elegantiam
1655 1328 2005 1412 perspicue
2082 1326 2692 1390 animadverteram.
2807 1340 3147 1412 gumenta,
3187 1326 3357 1410 justa
3387 1328 3553 1408 sint,
3585 1315 3723 1393 nec·
3750 1347 3865 1404 ne,
3895 1326 4081 1393 lector
4103 1344 4201 1387 eru·

1195 1438 1312 1499 111.
1367 1432 1726 1514 Vtriusque
1767 1430 1950 1492 numi
1993 1428 2172 1491 idem
2220 1428 2464 1496 habent
2506 1428 2692 1492 volu·
2807 1426 2980 1496 ditus
3024 1428 3403 1496 arbitretur.

1192 1556 1386 1612 men,
1444 1532 1621 1595 idem
1677 1531 1822 1594 fere
1879 1528 2173 1615 pondus,
2235 1526 2533 1612 ejusdem
2586 1549 2689 1594 ra·
3529 1596 3571 1638 ῃ

1149 1719 1154 1728 ⁸
1192 1637 1391 1699 tionis
1457 1646 1835 1716 argentum,
1920 1629 2098 1716 quod
2169 1631 2460 1693 bonitate
2522 1629 2687 1693 mul·
3363 1639 3439 1724 *—
3697 1639 3740 1681 ⁶

1189 1752 1328 1802 tum
1377 1747 1664 1820 praestat
1706 1747 2016 1817 argento,
2060 1752 2145 1796 ex
2188 1754 2318 1817 quo
2353 1732 2493 1797 cusi
2536 1744 2686 1794 sunt
3090 1736 3334 1804 SVLP.
3413 1734 3996 1798 DRYANTILLA.
4058 1728 4198 1799 ΔΥΕ.

1141 1857 1144 1860 ·
1188 1837 1371 1901 numi
1406 1836 1729 1911 Gallieni,
1785 1833 2150 1896 aliorumve
2204 1834 2347 1916 ejus
2394 1835 2686 1915 aevi-ty·
3084 1842 3251 1917 Ejus
3280 1850 3476 1918 caput
3508 1860 3699 1925 snper
3732 1842 3904 1902 luna.

1188 1958 1569 2006 rannorum.
1655 1935 2106 1998 Pronunciare
2175 1935 2426 1999 isthaec
2487 1931 2688 1999 confi*
2799 1939 3131 2008 lvNoffl.
3181 1941 3539 2003 REDINE.
3607 1941 3765 2020 (sic)
3821 1942 3952 2000 Dea
3989 1945 4130 1998 stam
4155 1936 4197 1993 d.

1192 2038 1430 2103 denter
1490 2057 1754 2120 possum
1780 2079 1798 2110 ,
1876 2036 1989 2119 qui
2048 2036 2391 2121 utriusque
2448 2057 2685 2100 numos
2789 2054 3088 2122 porrecta
3128 2076 3157 2090 -
3196 2077 3225 2091 -
3264 2076 3294 2089 -
3334 2064 3387 2106 s.
3432 2048 3709 2107 hastam.
3778 2042 3912 2105 AR.
3966 2037 4050 2118 (in
4081 2038 4196 2099 ltus

1185 2160 1347 2227 prae
1377 2139 1675 2202 manibus
1704 2136 1970 2212 bahem.
1997 2158 2072 2201 ac
2098 2137 2244 2201 fere
2281 2157 2508 2200 omnes
2544 2158 2681 2212 eos,
2798 2144 2983 2205 Caes.
3019 2142 3294 2227 aliisque
3329 2164 3522 2228 supra
3558 2142 3888 2221 laudatis.)

1186 2241 1300 2327 qui
1346 2261 1521 2305 nunc
1571 2238 1730 2301 alibi
1783 2249 1969 2312 sunt,
2036 2236 2178 2321 ipse
2230 2238 2507 2322 inspexi.
2569 2241 2678 2305 1v.
2716 2329 2725 2333 -
2925 2245 3086 2308 Cum
3134 2259 3290 2326 typo
3335 2243 3600 2307 diverso
3655 2245 3874 2307 nullus
3911 2241 4057 2305 alter
4084 2236 4193 2301 mihi

1183 2343 1419 2408 Fuisse
1457 2341 1817 2426 Regaliano
1851 2359 2166 2416 uxorem,
2213 2338 2514 2403 dubitare
2548 2360 2679 2401 non
2794 2343 3119 2426 cognitus.
3206 2345 3369 2427 Ejus
3413 2346 3808 2408 iconismum
3853 2345 3970 2409 rite
4005 2359 4196 2425 expres·

1183 2445 1340 2514 sinit
1375 2445 1517 2529 ejus
1549 2463 1785 2507 numus
1826 2462 2022 2526 supra
2055 2439 2386 2503 laudatust
2446 2441 2681 2503 LIBE·
2795 2466 2937 2507 sum
2995 2443 3198 2507 habes
3251 2446 3318 2507 in
3370 2445 3627 2508 Khellii
3683 2445 4109 2531 subplemento
4142 2436 4194 2498 ιδ

1182 2547 1585 2612 RALITAS.
1618 2529 1937 2611 AVGGG.
1960 2586 1977 2616 ‚
2021 2563 2149 2627 qua
2179 2541 2465 2605 formula
2503 2562 2680 2606 com·
2790 2547 3214 2612 Vaillantium
3247 2569 3311 2631 p.
3355 2568 3509 2631 190,
3552 2547 3685 2610 nisi
3715 2547 3887 2633 quod
3919 2546 3979 2608 in
4000 2541 4194 2606 nomino

1179 2650 1569 2736 prehensam
1609 2647 1806 2710 etiam
1840 2647 2196 2728 Augustam
2241 2663 2517 2707 uxorem
2564 2644 2677 2707 du·
2791 2648 3201 2732 Dryantillae
3243 2649 3512 2734 ponitur
3553 2651 3617 2718 'V
3660 2671 3785 2735 pro
3823 2651 3903 2713 Y.

1786 2851 1806 2886 Ο

2482 2962 2992 3025 PRETIVM.

1773 3153 2092 3239 Argentei
2134 3166 2379 3217 tantum
2403 3196 2422 3230 ,
2464 3152 2644 3240 iique
2729 3198 3500 3224 ........
3512 3135 3517 3146 ’
3585 3159 3855 3223 mum.

2417 3467 3025 3535 AVREOLVS.

1297 3664 1520 3724 Dacus
1568 3656 1864 3734 natione,
1909 3671 1978 3722 et
2027 3656 2086 3720 si
2128 3653 2297 3721 fides
2344 3661 2662 3738 zonarae,
2777 3668 2961 3732 mulo
3006 3665 3344 3733 Mam-iano
3388 3667 3713 3734 crevisset
3768 3667 4035 3746 viribus,
4085 3680 4192 3727 eun

1171 3765 1331 3830 Olim
1394 3760 1636 3846 opilio,
1696 3758 2289 3828 deinde'ducen-do
2341 3763 2664 3827 exercitui
2776 3769 3118 3834 Gallienus
3166 3771 3330 3835 belli
3375 3771 3692 3835 adversus
3726 3774 4074 3835 Postumum
4114 3781 4193 3847 ge·

1167 3888 1208 3929 a
1244 3862 1599 3935 Valeriano
1635 3860 2053 3946 praefectus,
2096 3864 2311 3926 serius
2349 3886 2386 3926 a
2421 3863 2668 3932 Gallie·
2774 3871 2969 3934 rendi
3006 3871 3278 3940 ‚socium
3324 3871 3641 3936 adhibuit.
3728 3876 3938 3957 Rupta
3985 3883 4196 3932 concor·

1164 3987 1253 4031 no
1293 3961 1575 4041 defecit,
1636 3962 2038 4043 adclamans
2086 3964 2450 4047 imperator
2489 3989 2526 4031 a
2567 3968 2663 4052 leq
2777 3970 2883 4057 dia
2931 3973 3272 4037 Gallienus
3312 3974 3561 4040 victum
3603 3975 3959 4037 Aureolum
4002 3965 4194 4033 Medio-

1166 4067 1471 4155 gionibus
1511 4065 1872 4131 secundum
1916 4065 2040 4131 hos
2087 4066 2376 4151 Illyrici,
2431 4090 2663 4136 secun-
2774 4075 2907 4138 lani
2958 4074 3305 4138 obsidione
3357 4076 3637 4160 premit,
3701 4076 3817 4139 sed
3874 4072 3977 4160 qui
4024 4063 4196 4132 discri-

1164 4168 1321 4234 dum
1367 4167 1522 4233 illos
1569 4166 1924 4247 Rhaetiae,
1968 4184 2037 4234 at
2078 4171 2374 4255 quando,
2419 4171 2488 4233 in
2523 4185 2660 4236 tan·
2773 4195 2928 4239 meu
2980 4196 3176 4240 caeso
3229 4178 3407 4240 inter
3451 4175 3645 4246 haee-
3671 4177 3964 4243 Gallieno
4007 4165 4191 4234 evadit.

1158 4269 1246 4337 ὼ
1285 4285 1630 4335 “mmmm
1668 4268 1985 4349 35⁸⁸ffl33⁸2
2031 4286 2197 4357 quae
2232 4287 2495 4339 enarrat
2524 4272 2661 4337 Til·
2736 4276 3144 4344 ,Novissime
3191 4301 3228 4344 a
3274 4277 3552 4345 Claudio
3594 4279 3807 4343 victus
3850 4270 4189 4361 tyrannidem

1157 4374 1515 4438 lemontius
1547 4370 1638 4453 ¹¹),
1681 4371 1878 4456 plane
1904 4372 2253 4438 incertum.
2300 4374 2480 4470 Quin
2509 4396 2662 4466 pro-
2774 4397 2923 4441 cum
2963 4378 3097 4446 vita
3138 4382 3360 4467 posuit
3398 4385 3484 4453 V.
3530 4383 3604 4450 C,
3642 4399 3827 4450 rom.
3866 4382 3937 4442 P.
3973 4376 4046 4438 X.
4086 4370 4189 4434 26¹·

1161 4475 1311 4541 bata
1371 4476 1504 4560 jam
1567 4472 1709 4557 ejus
1766 4471 2079 4558 perfidia,
2140 4497 2288 4540 cum
2334 4477 2509 4541 victo
2553 4497 2715 4550 ιο..
2770 4497 2781 4507 ·
3337 4527 3377 4568 4
3500 4484 3542 4526 a
3662 4523 3704 4568 ⁶

3904 4567 4185 4646 ’,ἐι-μ

1235 4690 1299 4761 a)
1338 4684 1491 4745 Nota
1525 4684 1626 4746 v1.
1668 4684 1732 4743 in
1771 4682 2026 4744 Gallica.
2131 4693 2140 4702 “
