4475 5584
808 514 813 521 1
941 439 1117 541 ιη’

852 668 861 673 ’
942 637 1158 722 Atque
1209 633 1382 698 istud
1425 632 1657 696 Severi
1694 628 2057 694 institutum
2101 629 2232 711 jam
2272 626 2432 713 ipsis

942 736 1276 811 *etei-ibus
1301 780 1318 809 ‚
1361 748 1434 796 ut
1452 733 1743 818 oportuit
1765 777 1781 807 ‚
1824 731 2176 796 ridiculum
2200 730 2429 805 visum,

916 840 1011 900 'et
1063 835 1274 899 refert
1303 835 1434 897 Dio
1464 833 1887 896 salsissimum
1919 834 2189 918 Aspacis
2218 829 2433 915 cujus-

942 937 1089 1000 dam
1138 936 1421 999 hominis
1466 935 1938 1000 mordacissimi
1978 935 2263 1011 dictum,
2322 953 2433 997 cu-

939 1038 1045 1122 jus
1088 1038 1290 1100 multa
1340 1051 1472 1099 tum
1526 1038 1694 1100 salse
1743 1059 1818 1102 ac
1868 1036 2116 1100 urbane
2179 1035 2480 1121 prolata*

944 1141 1206 1227 cognita
1254 1138 1481 1214 fuere,
1528 1138 1640 1222 qui
1675 1157 1824 1200 cum
1867 1138 2185 1201 Severum
2218 1136 2435 1216 *Marci

939 1243 1230 1305 familiae
1303 1242 1702 1326 adscriptum
1749 1236 2044 1313 audiret,
2122 1237 2221 1299 sic
2281 1257 2430 1300 eum

942 1343 1401 1430 compellavit.-
1441 1344 1735 1424 qratulor
1751 1343 1872 1401 tibi
1886 1381 1903 1414 ,
1952 1342 2222 1415 Caesar,
2265 1342 2440 1422 qnod

799 1473 813 1479 ·
926 1458 1186 1528 patrem
1230 1448 1553 1525 reperisti,
1630 1430 1884 1503 scilieet
1948 1453 2254 1523 tanquam
2324 1461 2439 1523 pa-

940 1559 1117 1609 trem·
1156 1559 1304 1608 ante
1340 1566 1471 1609 non
1502 1542 1837 1607 habuisset
1878 1555 2011 1603 tam
2048 1540 2330 1604 obscuro
2368 1554 2437 1603 et

943 1647 1208 1710 occulto
1261 1667 1509 1730 genere
1560 1643 1862 1725 natus'q.
1930 1645 2017 1707 At
2063 1641 2235 1706 enim
2283 1661 2437 1706 con-

942 1749 1160 1810 silium
1206 1748 1382 1809 istud
1422 1767 1829 1831 nequaquam
1885 1745 1955 1806 in
2001 1744 2253 1808 Severo
2305 1756 2437 1805 stu-

936 1850 1159 1935 poris,
1239 1862 1347 1910 aut
1417 1847 1704 1911 insaniae
1765 1857 2221 1931 argumentum
2286 1843 2435 1920 fuit,

942 1968 1109 2036 quae
1140 1949 1222 2013 ab
1253 1949 1372 2012 illo
1415 1949 1617 2032 longe
1660 1946 1968 2025 abfuere,
2015 1946 2130 2008 sed
2171 1966 2297 2030 qua
2342 1945 2439 2006 in-

883 2072 889 2081 ’
945 2063 1172 2115 coctus
1208 2048 1373 2126 fuit,
1418 2048 1829 2126 calliditatis,
1877 2063 1944 2112 et
1985 2048 2282 2111 astutiae.
2322 2048 2437 2111 Et-

943 2151 1124 2218 enim
1159 2165 1291 2214 tam
1327 2151 1653 2213 illustrem
1689 2150 2053 2235 prosapiam
2089 2148 2439 2212 ementitus

943 2253 1155 2317 multo
1194 2273 1265 2316 se
1300 2252 1507 2337 magis
1539 2252 1893 2334 gratiosum
1931 2236 2102 2335 apud
2135 2251 2437 2325 militem,

943 2354 1313 2438 rudemque
1366 2350 1680 2438 populum
1720 2350 1978 2428 effecit,
2042 2365 2235 2436 atque
2281 2350 2438 2414 hinc

946 2455 1053 2538 jus
1104 2455 1230 2517 sibi
1292 2468 1552 2530 natum,
1635 2473 1765 2538 quo
1824 2473 2068 2517 nomen
2120 2455 2442 2516 Antonini

944 2556 1309 2620 transferre
1341 2556 1407 2616 in
1438 2553 1646 2617 filium
1675 2556 2056 2637 Bassianum
2080 2600 2098 2632 ,
2156 2573 2439 2638 eumque

946 2656 1367 2722 Antoniniani
1414 2655 1695 2719 nominis
1739 2658 2044 2734 obtentu,
2089 2655 2267 2742 quod
2299 2669 2441 2717 tum

947 2758 1242 2825 divinum
1286 2758 1670 2835 videbatur,
1737 2758 2184 2824 venerabilem
2234 2754 2442 2821 omni-

942 2858 1069 2925 bus
1119 2874 1344 2945 posset
1403 2860 1824 2925 constituere.
1910 2860 1994 2923 At
2042 2858 2279 2924 salsum
2330 2855 2442 2920 ad-

952 2963 1188 3026 struxit
1241 2962 1544 3028 Severus.
1645 2964 1847 3039 Esto,
1911 2975 1975 3027 at
2020 2961 2279 3027 nullum
2339 2958 2442 3021 illi

947 3066 1170 3139 nefas,
1216 3063 1415 3127 modo
1440 3063 1781 3148 proposito
1818 3064 2119 3128 serviret.
2171 3065 2255 3127 At
2287 3081 2444 3126 con·

952 3165 1160 3230 stabat
1192 3165 1276 3227 de
1310 3164 1578 3243 fraude,
1625 3179 1692 3229 et
1723 3164 2087 3229 mendacio.
2134 3162 2442 3227 Constitit

950 3286 1106 3354 sane
1153 3266 1385 3351 peritis
1428 3287 1689 3342 rerum,
1734 3267 1854 3329 sed
1900 3265 2317 3341 imbellibus,
2372 3277 2442 3328 et

953 3367 1298 3453 occupavit
1341 3369 1720 3452 superstitio
1754 3368 2005 3431 animos
2036 3366 2264 3429 militis
2296 3366 2445 3429 bar-

949 3469 1126 3546 bari,
1188 3483 1256 3532 et
1304 3469 1527 3552 vulgi,
1584 3490 1749 3553 quos
1804 3469 1859 3531 si
1918 3468 2040 3531 tibi
2096 3466 2438 3532 devinctos

866 3626 875 3633 .
951 3569 1228 3646 habeas,
1302 3569 1656 3646 nobilium,
1715 3569 2213 3654 periturumque
2260 3567 2440 3631 fasti-

952 3673 1056 3736 dia
1102 3673 1300 3736 facile
1355 3671 1852 3756 contempseris.
1937 3671 2235 3734 Similem
2292 3688 2442 3733 cau·

952 3795 1091 3844 sam
1135 3775 1506 3858 praetexuit
1551 3774 1928 3837 Alexander
1985 3777 2112 3849 M..
2171 3792 2322 3835 cum
2367 3789 2440 3832 se

951 3875 1294 3940 Ammonis
1356 3872 1564 3943 filium
1623 3874 1753 3939 diei
1822 3875 2053 3940 voluit.
2142 3877 2440 3950 Vtinam,

954 3977 1169 4061 ajebat
1195 3975 1329 4059 ¹²),·
1376 3980 1529 4040 Inda·
1596 3999 1846 4062 quoquo
1896 3982 2082 4042 deum
2149 3994 2289 4040 esso
2344 3994 2447 4039 mo

954 4082 1221 4142 credant
1234 4082 1265 4141 .'
1313 4082 1516 4142 Fama
1556 4085 1727 4144 enim
1771 4083 1938 4143 bella
1992 4088 2288 4143 constant
2306 4121 2326 4155 ,
2381 4086 2449 4141 et

954 4202 1145 4262 saepe
1206 4184 1405 4243 etiam
1420 4225 1438 4257 ,
1501 4186 1678 4264 quod
1723 4184 1903 4263 falso
1965 4185 2275 4244 creditum
2326 4191 2444 4255 est,

952 4287 1091 4346 veri
1135 4288 1336 4347 vicem
1383 4287 1677 4347 obtinuit.
1736 4282 1989 4346 Eodem
2029 4281 2082 4345 is
2138 4302 2209 4345 se
2245 4282 2442 4346 modo

960 4399 1225 4448 excusat
1255 4382 1429 4468 apud
1449 4384 1806 4450 Lucianum
1840 4385 1920 4467 e).
1962 4384 2301 4453 Vetustius
2332 4403 2447 4447 ex-

1032 4635 1099 4707 at)
1136 4632 1200 4689 1..
1240 4630 1505 4692 LXXVI.
1545 4642 1601 4705 9.

956 4728 1021 4799 e)
1059 4723 1207 4793 Dio,
1246 4719 1582 4789 Herodian,
1625 4721 1921 4800 spartian.

1747 4622 2019 4706 b)⁴Curt.
2058 4630 2122 4691 L.
2160 4629 2322 4695 Vm.
2362 4649 2412 4690 c.
2447 4638 2499 4694 8.

1703 450 1804 561 1..
1918 436 2569 521 SEPTIMIVS
2672 444 3238 522 SEVERVS.

2552 629 2835 712 emplum
2867 631 3138 715 appetiti
3177 629 3442 716 generis
3473 630 3816 696 nobilioris
3852 622 4040 724 «lydii

2548 733 2769 806 Nero,
2833 733 2982 818 qui,
3042 753 3191 796 cum
3249 745 3424 796 esset
3481 733 3693 818 gentis
3751 752 3875 818 per
3930 731 4045 796 ad-

2546 832 2879 914 optionem
2934 833 3275 910 Claudiae3
3340 832 3567 896 maluit
3617 853 3764 896 esse
3814 852 4038 900 surcu-

2544 931 2648 993 lus
2702 934 2915 1015 gentis
2950 937 3354 1011 Caesareae,
3407 932 3491 997 de
3553 956 3681 1020 quo
3730 935 3889 997 olim
3932 955 4044 998 co-

2549 1034 2798 1118 piosius
2842 1056 3112 1119 agemus
3146 1035 3297 1135 Υἱοὶ.
3324 1037 3504 1102 vm.
3547 1035 3612 1098 in
3662 1034 4043 1103 observatis

2550 1156 2758 1221 genet
2760 1136 2990 1202 alibus.

3282 1239 3320 1277 '¹'
3444 1281 3485 1323 e

2835 1343 3080 1403 Eadem
3120 1342 3415 1402 adversa.

2548 1442 2624 1503 P.
2649 1442 2744 1506 Μ.
2783 1443 2925 1503 TR.
2971 1442 3047 1502 P.
3083 1441 3195 1501 111.
3234 1440 3420 1507 COS.
3463 1443 3542 1507 11.
3588 1445 3663 1506 P.
3714 1444 3793 1507 P.
3835 1451 4044 1510 variis

2550 1546 2742 1624 typis.
2786 1540 2928 1606 AR.
2964 1544 3105 1606 ΑΕ.
3147 1544 3199 1606 1.
3238 1544 3317 1604 11.
3365 1546 3564 1625 (Mus.
3594 1547 3813 1629 Caes.)

2691 1790 2699 1797 ·
2921 1749 2994 1810 'f-
3036 1750 3100 1810 C.
3132 1754 3280 1812 949.
3310 1750 3380 1808 Ρ.
3412 1749 3496 1808 Χ.
3549 1756 3689 1813 196.

2561 1838 4034 1917 TRWPIVCOSILP.MP.P.

3123 1951 3300 2012 IMP.
3354 1951 3496 2010 VII·

2557 2054 2622 2112 C.
2659 2042 2938 2114 Domitio
2987 2052 3265 2112 Dea-tero
3299 2046 4052 2118 11.1..Val.iueuala·

3113 2152 3334 2213 Prisco
3370 2169 3499 2215 cos.
3555 2221 3566 2226 ⁸
4041 2182 4046 2193 ·

2681 2354 3067 2436 Byzantium
3100 2366 3250 2439 post
3281 2350 3737 2431 difficillimam
3777 2355 4046 2422 triennii

2556 2453 2965 2517 obsidionem
3006 2454 3089 2517 ad
3144 2453 3547 2518 deditionem
3581 2453 3861 2538 cogitur.
3930 2460 4048 2522 Se·

2557 2575 2753 2617 verus
2817 2555 3050 2618 urbem
3104 2553 3449 2616 moenibus
3499 2568 3577 2618 ac
3645 2558 4066 2621 ornamentis*

2556 2658 2872 2741 privatam
2935 2653 3288 2721 Perinthiis
3352 2653 3618 2737 subjicit
3644 2652 3731 2736 ἃ).
3821 2650 4048 2722 Albini

2556 2758 2689 2823 vita
2737 2757 3064 2822 ineassum
3096 2777 3221 2842 per
3256 2760 3524 2825 insidias
3555 2771 3865 2824 attentata
3903 2763 4046 2822 Me-

2558 2860 2981 2944 sopotamiam
3046 2859 3361 2944 relinquit
3419 2876 3649 2946 aperto
3713 2860 4050 2924 aemulum.

2553 2960 2737 3025 bello
2779 2980 3231 3047 aggressurus.
3291 2962 3636 3031 viminacii
3663 2959 4049 3025 Bassianum

2554 3063 2763 3128 filium
2802 3062 3454 3148 Caesarem'appellat
3483 3064 3691 3127 indito
3727 3065 4051 3126 Antonini

2555 3165 2842 3230 nomine.
2899 3168 3150 3229 Romae
3186 3163 3496 3228 Albinum
3541 3166 3796 3230 bostem
3857 3162 3932 3228 S.
3971 3164 4066 3250 C.

2552 3264 2832 3347 judicat,
2892 3265 2958 3329 in
3007 3267 3285 3331 Galliam
3325 3264 3611 3353 denique
3660 3266 3743 3330 ad
3795 3265 4048 3330 bellum

2553 3367 2686 3432 exit
2720 3367 2800 3450 Β).
3531 3406 3536 3409 -

2871 3470 2950 3533 L.
3040 3469 3532 3539 SEPTIMIVS.
3624 3466 4046 3535 SEVERVS.

2880 3571 3358 3636 PERTINAX.
3419 3571 3621 3640 AVG.
3678 3571 3856 3633 IMP.
3905 3569 4044 3636 Vn.

2884 3677 3089 3754 Caput
3128 3676 3512 3736 laureatum.

2554 3772 3241 3841 DrV1.M.P11..F
3302 3772 4048 3838 P.M.TR..P1111.

2559 3873 2751 3939 COS.
2786 3878 2869 3940 11.
2897 3878 2974 3938 P.
3009 3880 3085 3939 P.
3130 3881 3312 3941 Mars
3344 3878 3711 3939 seminudus
3747 3876 4052 3956 yaloatu‘s

2558 3976 2739 4041 stans
2771 3983 2834 4042 d.
2859 3981 3147 4054 hastam,
3190 3997 3243 4038 s.
3269 3979 3592 4057 clypeum,
3626 3997 3749 4056 pro
3772 3977 4050 4055 pediam

2559 4083 2790 4144 thorax
2800 4102 2832 4156 ,⁰
2876 4083 2948 4143 in
2967 4081 3123 4146 aliis
3149 4083 3275 4143 alit*
3303 4084 3459 4160 typi.
3500 4080 3639 4143 ΑΕ.
3671 4098 3840 4142 max.
3871 4071 4046 4139 mod.

2560 4184 2759 4258 (Mus.
2794 4181 2978 4246 Caes.
3013 4184 3184 4265 Reg.
3216 4180 3488 4243 Galliar.
3531 4179 3665 4244 tab.
3722 4178 3815 4244 18.
3849 4175 4042 4244 Vaut.

2559 4287 2749 4350 Tom.
2787 4283 2900 4343 nt.
2937 4302 3000 4365 p.
3037 4278 3142 4345 63.
3185 4284 3358 4371 Mus.
3393 4280 3685 4361 Albani.)

2665 4382 3086 4471 Epigrapben
3104 4398 3372 4449 aversae
3387 4402 3540 4493 mpx
3556 4382 4049 4469 explicavimus.

2648 4632 2710 4704 e)
2750 4625 2977 4703 Dialog
3021 4638 3188 4685 mort.
3226 4632 3310 4688 14.
3453 4622 3530 4699 d)
3567 4624 3699 4684 Dio.
3729 4606 4048 4685 Herodian.
