4475 5584
1472 417 2276 588 avnEmAst:
2380 447 2385 450 ’

1097 761 1173 826 L.
1258 766 1835 829 DOMITIVS
1879 715 2615 830 AVRELIANVS.

349 1023 354 1030 .
444 964 752 1030 Obscuro
789 984 1035 1049 genere
1083 965 1308 1029 Sirmii
1335 952 1451 1031 ‘vel
1493 958 1562 1029 in
1609 965 1816 1031 Dacia

299 1053 600 1151 Ripe'nsi
630 1082 817 1131 natus
838 1114 854 1143 ,
902 1067 1020 1131 sed
1051 1081 1229 1131 tanto
1258 1069 1583 1133 illustrior
1613 1069 1817 1136 virtu·

319 1184 386 1232 te
425 1169 668 1234 bellica
709 1184 776 1233 et
809 1170 1154 1254 disciplina
1203 1171 1472 1234 militari
1512 1170 1690 1234 omni
1730 1170 1819 1233 ri·

320 1293 487 1356 gore
536 1285 782 1335 exacta.
867 1276 1090 1357 Atque
1140 1285 1355 1335 tantae
1411 1274 1622 1335 laudis
1680 1272 1817 1353 o'pi-

328 1377 526 1437 nione
589 1374 862 1458 adeptus
919 1388 1057 1451 est,
1131 1387 1202 1436 ut
1263 1389 1525 1437 mortuo
1589 1373 1815 1436 Sirmii

303 1475 599 1538 Claudio
633 1495 947 1560 praesens
991 1478 1133 1560 ipse
1171 1475 1532 1560 imperator
1573 1475 1653 1565 ab
1706 1495 1818 1538 ex-

318 1576 532 1641 ercitu
573 1578 1055 1661 appellaretur,
1119 1565 1483 1672 Quintillo,
1530 1578 1642 1661 qui
1685 1576 1818 1639 fra-

317 1663 405 1740 tr’i
451 1678 725 1742 Claudio
784 1680 1284 1742 etiam·senatus
1330 1678 1661 1763 suffragiis
1706 1677 1815 1740 ad-

319 1780 498 1863 jutus
520 1794 947 1868 successerat,
992 1781 1305 1844 resistere
1323 1803 1454 1845 non
1483 1801 1662 1858 auso,
1687 1779 1812 1842 sed

311 1879 614 1948 fortioris
651 1882 987 1945 Aureliani
1024 1898 1207 1947 metu
1241 1884 1440 1948 vitam
1466 1892 1618 1947 ”cum
1641 1903 1815 1944 mor·

317 1998 385 2047 te
420 1997 883 2047 commutante.
961 1985 1257 2068 Incertus
1291 2000 1393 2049 est
1426 1983 1658 2047 natalis
1696 1982 1816 2046 im-

319 2085 532 2169 perii,
577 2099 651 2150 ut
687 2084 946 2149 dicetur
975 2085 1168 2148 infra.

639 2296 713 2354 V.
764 2295 824 2354 C.
875 2298 1054 2355 1023.
1104 2295 1173 2353 P.
1219 2294 1300 2353 Χ.
1345 2299 1489 2354 270.

492 2396 620 2456 Ta.
653 2397 723 2453 Ρ.
770 2396 944 2455 008.
988 2394 1180 2455 ΒΕ8.
1227 2395 1297 2453 Ρ.
1335 2397 1420 2454 Μ.
1464 2395 1533 2453 Ρ.
1563 2394 1665 2460 P„

609 2496 1044 2557 Antiochiano
1066 2539 1084 2572 ,
1127 2496 1330 2576 &Orfito
1369 2511 1498 2557 cos.

315 2702 320 2711 '
443 2696 670 2761 Rebus
702 2699 955 2760 Romae
1001 2718 1322 2782 prospere
1365 2695 1700 2781 dispositis
1742 2696 1812 2759 in

316 2799 721 2865 Pannoniam
781 2799 1093 2862 adversus
1129 2798 1391 2861 Gothos
1451 2795 1814 2881 proficisci·

314 2915 462 2974 tur,
506 2900 717 2984 iisque
770 2899 990 2962 redire
1040 2899 1119 2961 ad
1157 2921 1266 2962 sua
1311 2899 1556 2978 coactis
1602 2899 1812 2962 altere

319 3004 834 3064 Alemannorum
869 3002 1052 3063 bello
1083 2999 1443 3084 excipitur,
1489 3021 1653 3084 quos
1682 3001 1815 3085 pri·

320 3125 502 3165 mum
546 3103 613 3162 in
646 3100 1014 3170 Vindelicia
1056 3101 1300 3175 vincit,
1346 3115 1409 3163 at
1453 3101 1664 3164 vicem
1708 3122 1815 3164 re-

320 3204 693 3291 penderunt
724 3204 860 3265 acri
906 3203 1078 3287 apud
1111 3201 1523 3276 vincentiam
1556 3204 1811 3287 praelio

322 3308 631 3372 victores.
720 3306 793 3365 ln
832 3317 1013 3366 tanto
1047 3302 1228 3364 urbis
1274 3302 1478 3386 ipsius
1511 3305 1814 3388 periculo

320 3407 717 3471 Aurelianus
778 3403 1131 3489 resumptis
1192 3403 1423 3465 animis
1499 3404 1816 3470 barbaros

326 3511 545 3572 denuo
567 3526 913 3592 aggressus
945 3504 1152 3568 caesis
1183 3502 1327 3567 fere
1348 3504 1646 3568 omnibus
1659 3510 1818 3574 Vm-

320 3612 566 3685 briam,
612 3628 922 3692 quorsum
955 3606 1084 3688 jam
1122 3608 1286 3668 enisi
1313 3606 1539 3685 fuere,
1587 3629 1661 3671 ac
1694 3611 1817 3671 lta-

323 3714 479 3775 liam
523 3695 784 3772 omnem
818 3725 1075 3772 terrore
1106 3709 1365 3771 liberat.
1444 3707 1613 3776 Vide
1647 3706 1809 3772 haec

321 3814 634 3877 adcurate
669 3813 948 3874 collecta
983 3810 1152 3895 apud
1186 3812 1704 3875 Tillemontium.

449 3913 836 3978 Paucissimi
866 3925 1014 3973 sunt
1046 3913 1385 3975 Aureliani
1426 3914 1639 3991 numi,
1702 3911 1814 3997 qui

324 4018 692 4083 tribunatus
737 4028 803 4075 et
847 4013 1218 4075 consulatus
1261 4014 1610 4098 inscriptos
1656 4013 1817 4077 offe·

323 4125 516 4195 runt,
549 4133 628 4180 «εἰ
670 4116 779 4201 qui
828 4114 1001 4176 istud
1046 4108 1427 4196 Praestent„
1466 4115 1816 4179 chronolo-

317 4221 502 4306 giam
541 4219 754 4301 ‚magis
800 4214 1201 4299 impediunt,
1246 4233 1437 4300 quam
1489 4216 1813 4298 adjuvant.

328 4324 550 4420 Quare
589 4319 668 4383 ab
707 4318 806 4378 his
839 4335 962 4400 per
998 4316 1262 4379 annales
1297 4316 1672 4400 digerendis
1705 4319 1814 4383 ab·

328 4423 625 4498 stinebo,
672 4438 1029 4501 omnesque
1067 4418 1207 4501 ejus
1247 4439 1515 4494 numos,
1563 4420 1677 4504 qui
1718 4419 1814 4482 di-

289 4545 527 4614 gnum
572 4522 904 4610 quidpiam
943 4518 1257 4604 offerent,
1297 4521 1675 4604 promiscue
1710 4541 1813 4585 re-

319 4628 567 4694 citabo.
1503 4623 1514 4630 '

785 4779 794 4787 .
893 4768 931 4807 a?
1018 4725 1093 4816 ’.φ
1217 4745 1281 4808 ⁴}-

3274 502 3441 581 Mo

2263 973 2355 1034 V:
2389 972 2450 1030 C.
2498 976 2680 1032 1024.
2728 971 2799 1031 P.
2844 971 2927 1038 Χ.
2971 975 3118 1035 271.

2178 1075 2303 1135 ΤΒ.
2330 1071 2403 1133 Ρ.
2437 1074 2526 1135 11.
2567 1074 2743 1134 COS.
2777 1075 2847 1134 P.
2884 1075 2970 1133 Μ.
2988 1072 3073 1133 Ῥ.
3109 1074 3181 1135 Ρ.
3384 1143 3393 1154 ,

1930 1172 2287 1237 Aureliano
2323 1176 2526 1253 Any„
2575 1174 2832 1236 Ceionio
2873 1175 3054 1236 Vitio
3090 1177 3293 1240 Basso
3330 1178 3419 1241 ΙΙ.

2614 1273 2748 1337 eos.

2058 1475 2209 1539 Hoc
2245 1497 2414 1539 anno
2446 1476 2739 1541 creditur
2771 1476 3161 1541 Aurelianus
3196 1478 3428 1545 incho-

1931 1597 2076 1640 asse
2114 1599 2374 1640 murum
2398 1624 2415 1655 ,
2460 1579 2574 1662 qui
2604 1578 2933 1664 hodieque
2955 1593 3290 1665 superstes
3317 1603 3426 1644 ur-

1930 1679 2032 1742 bis
2078 1680 2392 1742 ambitum
2448 1678 2707 1756 definit,
2770 1681 2929 1764 ipsis
2987 1681 3117 1763 jam
3160 1681 3426 1765 imperii

1915 1771 2444 1865 'propugnaculis
2481 1781 2561 1843 ad
2610 1781 2792 1844 urbis
2834 1779 3150 1866 principis
3198 1782 3423 1845 desen·

1933 1883 2184 1945 sionem
2217 1881 2549 1946 invalidis.
2582 1881 3043 1964 (Tillemont.)

2044 2109 2054 2119 ·
2162 2062 2166 2066 ’
2250 2089 2325 2150 V.
2374 2089 2435 2148 c.
2487 2094 2669 2149 1025.
2714 2087 2785 2146 P.
2834 2088 2915 2147 Χ.
2960 2093 3106 2151 272.

2097 2191 2228 2252 ΤΒ.
2277 2193 2350 2250 Ρ.
2395 2189 2522 2249 ΙΙΙ.
2572 2187 2749 2248 008.
2796 2191 2867 2247 P.
2916 2191 3002 2248 M.
3052 2191 3117 2249 P.
3160 2194 3232 2254 Ι).

2209 2292 2440 2366 Quieto
2461 2330 2479 2365 ,
2531 2291 2589 2348 V
2587 2291 2955 2351 oldumiano
2989 2310 3117 2382 coa.

2050 2490 2315 2552 Bellum
2348 2491 2413 2552 in
2435 2490 2793 2553 Zenobiam
2812 2490 3111 2554 Orientis
3124 2494 3420 2577 reginam

1926 2603 2175 2654 movet.
2253 2592 2393 2653 Per
2424 2589 2556 2653 iter
2602 2590 2857 2654 Gothos
2893 2592 2957 2653 in
3005 2591 3284 2676 'rh-racia
3328 2614 3424 2662 at-

1925 2692 2118 2766 terit,
2165 2706 2233 2753 et
2264 2693 2479 2754 Asiam
2499 2693 2821 2756 minorem
2855 2693 2980 2755 sibi
3010 2692 3248 2758 iterum
3271 2699 3421 2761 sub-

1924 2791 2084 2874 jicit.
2172 2794 2531 2856 Zenobiam
2592 2793 2829 2860 victam
2903 2795 3246 2879 Palmyrae
3306 2798 3420 2863 ola·

1873 2981 1885 2991 .
1928 2892 2119 2956 sidet.

2165 3057 2186 3064 “
2279 3101 2352 3160 V.
2393 3100 2457 3160 c.
2499 3105 2681 3162 102⁶.
2724 3101 2792 3163 P.
2827 3103 2911 3168 Χ.
2943 3109 3089 3166 273.

1934 3201 2063 3272 ΤΒ.
2102 3201 2173 3258 Ρ.
2216 3200 2343 3260 JV.
2404 3201 2578 3261 COS.
2626 3204 2816 3265 DES.
2860 3205 2951 3264 11.
2997 3206 3068 3264 Ρ.
3117 3205 3201 3267 Μ.
3241 3210 3310 3267 Ρ.
3345 3212 3415 3271 P.
3454 3287 3463 3294 ,

1963 3317 1980 3330 ·
2047 3303 2135 3361 Μ.
2170 3301 2438 3363 claudio
2475 3306 2696 3368 Tacito
2719 3349 2736 3379 ,
2766 3307 3162 3369 (Placidiano
3189 3326 3320 3370 cos.
3518 3313 3523 3318 ’

2057 3502 2413 3566 Zenobiam
2462 3503 2661 3568 rebus
2711 3506 3071 3591 desperatis
3116 3512 3422 3595 Palmyra

1929 3605 2214 3687 elapsam
2295 3625 2376 3667 ex
2438 3606 2591 3691 fuga
2666 3609 2974 3687 retrahit,
3063 3612 3421 3699 urbemque

1929 3706 2134 3789 ipsam
2198 3705 2534 3776 deditione
2590 3710 2845 3793 accipit.
2935 3714 3290 3797 Comperto
3353 3715 3423 3786 in

1931 3807 2253 3881 Thracia,
2316 3809 2743 3889 Palmyrenos
2787 3812 3024 3872 iterum
3072 3814 3418 3894 defecisse,

1932 3910 2243 3971 continuo
2278 3928 2585 3971 reversus
2620 3911 2852 3973 urbem
2899 3932 3128 3974 eorum
3169 3921 3423 3982 exscin-

1933 4010 2066 4087 dit,
2114 4011 2307 4072 motis
2364 4009 2602 4073 deinde
2647 4011 2715 4072 in
2750 4014 3117 4096 Aegyptum
3164 4022 3415 4098 castris,

1930 4115 1996 4176 in
2030 4136 2150 4197 qua
2186 4112 2447 4174 Firmus
2482 4111 2895 4195 tyrannidem
2937 4116 3231 4198 arripuit.
3319 4123 3421 4185 Eo

1929 4214 2150 4290 victo,
2223 4226 2300 4276 et
2361 4215 2532 4275 mori
2589 4229 2818 4280 coacto
2876 4220 3417 4303 tranquillitatem

1928 4303 2241 4381 restituit.
2296 4316 2374 4378 {n
2408 4316 2838 4381 Occidentem
2872 4319 3083 4382 redux
3115 4324 3423 4389 Tetricos

1926 4419 2082 4483 inde
2126 4417 2208 4481 ab
2258 4439 2428 4481 anno
2455 4421 2536 4486 V.
2570 4420 2643 4482 C.
2699 4437 2856 4481 noso
2906 4422 3268 4488 Galliarum
3321 4443 3420 4510 ty-

1924 4541 2167 4585 rannos
2201 4539 2319 4583 seu
2348 4521 2553 4585 ⁴vincit
2574 4566 2593 4599 ,
2638 4542 2756 4585 seu
2786 4525 3085 4588 volentes
3120 4528 3184 4590 in
3216 4527 3417 4595 fidem

1924 4625 2204 4708 recipit,
2266 4622 2613 4708 magnifico
2673 4623 2934 4688 demum
2990 4645 3135 4694 acto
3194 4633 3423 4697 trium·-

1915 4727 2060 4810 ‘pho
2086 4771 2105 4804 ,
2167 4746 2364 4811 quem
2420 4727 2713 4825 Zenobia
2759 4730 3153 4819 Tetricique
3191 4737 3421 4804 vinctis
