4475 5584
1638 442 2397 543 CARACALLA

456 639 637 703 ‘LVS
662 640 994 709 diceretur,
1031 645 1098 698 et
1106 638 1343 698 milites
1352 633 1759 709 potissimum
1776 632 1963 692 indu·

461 761 566 804 ere
580 743 805 819 jussit.
864 740 950 799 Et
981 737 1358 819 Spartianus
1391 733 1481 814 ·):
1523 737 1672 812 Ipse
1709 735 1961 796 CARA-

471 844 731 906 CALM
754 860 981 903 nomen
1011 842 1317 918 accepite
1336 838 1707 899 vestimento
1727 877 1768 918 ‚
1790 833 1967 917 quod

460 946 698 1024 populo
752 940 1017 1003 dederat
1062 943 1336 1001 demisso
1386 956 1586 1020 usque
1642 939 1736 997 ad
1770 938 1957 1010 talos,

467 1047 642 1128 quod
656 1054 807 1128 ante
820 1063 947 1104 non
946 1039 1208 1120 fuerat,
1241 1044 1409 1103 unde
1441 1035 1961 1120 hodiequeAnt‘o-

465 1150 777 1208 ninianae
814 1147 1113 1205 dicuntur
1155 1143 1533 1203 Caracallus
1556 1140 1957 1216 hujusmodi,

469 1251 540 1307 in
577 1268 703 1310 usu
752 1248 1034 1307 maxime
1080 1246 1405 1306 Romanae
1421 1243 1631 1322 plebis
1665 1242 1962 1321 frequen-

467 1357 665 1411 tatae.
724 1349 925 1407 Teste
976 1345 1184 1406 altero
1225 1344 1494 1408 Victore
1541 1342 1813 1404 talarem
1844 1337 1961 1400 hu·

469 1449 573 1532 jus
596 1448 850 1511 formae
888 1457 1135 1506 vestem
1167 1463 1204 1504 e
1241 1444 1453 1507 Gallia
1486 1440 1771 1506 devexit.
1815 1439 1961 1500 Mo·

468 1561 781 1612 numenta
829 1546 1092 1632 publica
1125 1544 1254 1608 hoc
1300 1540 1958 1616 nomineabstinent,

479 1652 573 1716 uti
604 1665 671 1733 et

603 1755 816 1816 Getici
842 1753 1123 1814 Maximi
1141 1793 1158 1825 ‚
1206 1759 1268 1812 et
1302 1751 1591 1813 Tarenti.
1657 1742 1831 1806 Illud
1861 1761 1964 1806 re-

477 1853 651 1938 perit
703 1853 983 1917 Helvius
1025 1851 1335 1913 Pertinax
1370 1846 1735 1911 Pertinacis
1794 1843 1963 1930 Aug.

400 1988 409 1995 -
479 1955 675 2018 filius.
734 1958 900 2018 Nam
952 1974 1097 2016 cun
1141 1951 1474 2015 Caracalla
1515 1948 1732 2013 varios
1769 1944 1970 2008 victa·

474 2077 622 2120 rum
659 2056 951 2141 gentium
983 2053 1208 2115 titulos
1245 2049 1683 2122 adscriberet,
1729 2046 1970 2110 dicitur

476 2158 533 2220 is
588 2157 739 2241 joco
780 2154 1057 2218 dixisse:
1118 2158 1309 2227 adde,
1336 2154 1431 2213 ‘st'
1457 2154 1706 2230 placet,
1771 2152 1971 2213 etiam

487 2260 864 2322 GETICVS
933 2256 1390 2329 MAXIMVS,
1479 2249 1796 2314 adludens
1867 2245 1948 2312 ad

480 2360 688 2447 qutae
735 2358 1042 2434 caedem,
1106 2369 1175 2419 et
1209 2353 1551 2420 victoriam
1585 2352 1667 2415 de
1712 2347 1968 2427 Gothis,

480 2480 600 2524 seu
632 2459 839 2535 Getis,
886 2480 1051 2544 quos
1072 2503 1091 2534 ‚
1135 2478 1283 2523 cum
1323 2456 1393 2518 in
1421 2454 1764 2519 Orientem
1798 2466 1980 2515 tran·
1986 2520 2001 2533 ὣ

481 2564 677 2638 sIret,
737 2561 1176 2637 tumultuariis
1215 2556 1483 2643 praeliis
1519 2554 1852 2621 devicerat
1881 2550 1973 2635 ¹²).

483 2666 573 2729 Et
604 2683 770 2729 tero
812 2663 1047 2727 eodem
1076 2662 1207 2725 hoc
1236 2679 1432 2724 sensu
1466 2655 1674 2741 ‘magis
1709 2654 1796 2717 ob
1830 2672 1975 2717 cae·

454 2785 626 2844 ,sum
674 2785 1049 2848 yet-manum
1082 2762 1384 2838 fratrem,
1446 2779 1639 2844 quam
1676 2755 2009 2830 devictos,

486 2867 850 2933 Germanos
896 2869 1312 2931 Germanicus
1358 2861 1599 2924 meruit
1632 2854 1970 2943 appellari.

494 2972 849 3035 Tamum.
912 2988 1043 3052 quo
1091 2966 1356 3030 nomine
1406 2960 1786 3046 saepissime
1818 2978 1971 3021 eum

488 3065 691 3132 afficit
728 3068 900 3144 Dio,
962 3068 1174 3132 dictus
1210 3086 1293 3131 ex
1324 3066 1589 3137 nomine
1637 3058 1974 3145 cujusdam

407 3196 435 3217 ·
466 3168 906 3258 ‘gladiatoriffi
953 3183 1021 3233 et
1064 3183 1321 3233 statura
1343 3165 1602 3253 pusilli,
1660 3176 1730 3227 et
1759 3162 1977 3227 forms

490 3269 894 3350 foedissimi,
939 3286 1009 3334 et
1049 3293 1175 3336 una
1201 3267 1599 3357 sanguinarii
1628 3263 1712 3347 ⁰).

904 3515 1163 3576 Pater
1204 3515 1578 3593 patriae.

618 3678 819 3742 Numi
848 3678 1042 3766 hujus
1075 3680 1253 3744 tituli
1285 3675 1616 3745 mentione
1655 3674 1983 3744 abstinent

499 3780 807 3864 quamdiu
853 3774 1042 3866 pater
1089 3780 1270 3846 vixit.
1324 3785 1474 3845 Hoc
1522 3793 1784 3845 mortuo
1828 3798 1983 3842 con-

495 3881 683 3946 tinuo
715 3885 934 3946 Patris
979 3887 1272 3961 Patriae,
1326 3897 1396 3947 et
1428 3885 1755 3965 Pontifiqis
1798 3886 1986 3944 Max.

498 3982 764 4076 nomina
806 3982 1079 4070 adlegit.
1143 3985 1397 4058 Verum
1448 3999 1596 4049 sunt
1636 4001 1984 4056 marmana,

3404 468 3559 537 -223

2077 638 2420 716 deferunt,
2481 635 2663 700 velut
2704 631 3106 717 epigramma
3157 634 3564 700 auctoritatis

2010 741 2382 827 publicae
2423 753 2680 801 exstans
2711 736 2778 797 in
2814 756 2971 815 arcu
3005 736 3239 800 Severi
3268 759 3460 823 snpra
3480 738 3563 801 ad
3625 802 3632 805 ι

2074 863 2313 906 annum
2344 842 2431 909 V.
2466 838 2538 903 C.
2589 839 2715 920 957
2766 836 3206 920 descriptum,
3262 860 3393 925 quo
3451 841 3569 905 do-

2074 963 2340 1021 cemur,
2403 962 2552 1005 eum
2599 941 2672 1003 in
2707 938 3045 1002 tribunatu
3083 940 3235 1017 v1.,
3297 955 3366 1004 et
3412 961 3563 1006 cum

2076 1065 2314 1106 annum
2394 1043 2622 1106 aetatis
2663 1042 2846 1110 XVI.
2906 1054 3169 1123 ageret,
3249 1044 3379 1107 hoc
3432 1043 3563 1126 jam

2075 1145 2300 1229 elogio
2330 1144 2534 1207 fuisse
2567 1156 2885 1207 ornatum.
2919 1140 3034 1204 At
3062 1144 3390 1208 neminem
3430 1159 3568 1207 tur·

2074 1245 2189 1310 bet
2219 1246 2330 1309 hic
2363 1244 2504 1329 ejus
2538 1264 2728 1307 arcus
2762 1243 3370 1326 parachronismus;
3415 1268 3568 1310 nam

2077 1368 2207 1432 quo
2249 1348 2402 1410 loco
2452 1367 2625 1411 nunc
2676 1346 2987 1430 leguntur
3039 1346 3271 1409 literae
3323 1348 3402 1414 P.
3450 1351 3569 1424 P..

2075 1449 2233 1512 olim
2291 1448 2608 1532 scriptum
2639 1460 2782 1509 erat
2828 1447 3217 1510 vocabulum
3252 1450 3409 1523 ΕΤ,
3469 1468 3571 1511 se·
3657 1502 3662 1507 ,

2075 1544 2425 1635 quentihus
2475 1550 2681 1612 Getae
2727 1546 2951 1610 fratris
3007 1547 3250 1622 titulis,
3332 1548 3569 1633 quibus

2073 1651 2304 1727 erasis,
2342 1663 2415 1713 ut
2442 1650 2677 1736 aliquis
2709 1663 2926 1712 tamen
2954 1648 3406 1733 epigrammati
3426 1669 3573 1712 sen-

2063 1752 2187 1815 'sus
2237 1764 2606 1828 constaret,
2653 1750 2969 1815 suffectae
3026 1762 3174 1811 sunt
3210 1751 3442 1814 literae
3491 1755 3568 1813 P.

2077 1855 2152 1916 P.
2186 1873 2425 1938 nempe
2468 1853 2695 1947 titulus
2730 1851 3106 1916 Caracallae
3141 1851 3405 1934 quidem
3458 1852 3572 1916 de·

2080 1953 2256 2017 bitus
2293 1967 2469 2030 tum,
2517 1973 2668 2017 cum
2701 1948 2975 2041 frati-em
3018 1947 3296 2032 occidit,
3342 1966 3408 2019 at
3438 1973 3573 2019 non

2080 2069 2262 2136 tum,
2306 2075 2457 2121 cum
2484 2074 2677 2121 arcus
2710 2055 2964 2140 positus
2992 2052 3141 2121 fuit.

2555 2300 3079 2378 diupei-ator.

2208 2461 2681 2529 mediobarbus
2726 2459 3176 2528 Caracallam
3153 2483 3284 2543 Jam
3314 2461 3385 2526 in
3421 2462 3576 2528 nih.

2064 2579 2409 2652 ,potestate
2451 2566 2532 2627 X.
2579 2566 3043 2649 imperatorem
3082 2566 3165 2629 11.
3207 2561 3397 2640 facit,
3458 2563 3609 2626 sed*

2086 2686 2495 2752 nequaquam
2554 2666 2732 2729 istud
2785 2685 2867 2729 ex
2921 2665 3310 2729 testimonio
3350 2684 3582 2727 numo·

2087 2788 2232 2830 rum
2258 2811 2277 2844 ‚
2322 2788 2603 2851 quorum
2637 2767 2694 2829 is
2727 2766 2982 2829 nullum
3014 2766 3096 2830 ad
3128 2765 3303 2828 hunc
3339 2783 3580 2827 annum

2089 2889 2239 2934 cum
2287 2867 2418 2932 hoc
2448 2867 2643 2931 titulo
2676 2867 2949 2944 recitat,
3001 2880 3071 2930 et
3106 2867 3372 2931 videtur
3419 2864 3582 2929 hau·

2090 2971 2254 3036 sisse
2307 2967 2485 3033 istud
2532 2989 2616 3030 ex
2668 2987 2996 3032 marmore
3049 2966 3319 3031 Θιαιειὶ
3349 2963 3453 3046 d),
3491 2966 3584 3027 ἰιι

2089 3092 2222 3158 quo
2286 3070 2619 3137 Caracalla
2691 3067 2932 3132 dIcitur
2995 3073 3132 3133 ΤΒ.
3202 3067 3409 3132 ΡΟΤ.
3497 3068 3586 3130 X.

2088 3176 2268 3237 ῙΜΡ.
2304 3176 2385 3236 11.
2430 3172 2622 3237 COS.
2658 3171 2769 3232 111.
2797 3171 3007 3253 xDES.
3092 3170 3348 3234 Eodem
3388 3168 3585 3233 titulo

2092 3290 2365 3340 ornatur
2410 3275 2478 3337 iu
2526 3273 2862 3337 tribunatu
2896 3272 3070 3335 xm.
3130 3274 3301 3356 apud
3346 3271 3587 3335 Grute-

2091 3398 2241 3440 rum
2272 3377 2332 3456 e)
2354 3420 2373 3452 ‚
2416 3375 2576 3439 item
2614 3376 2682 3436 in
2714 3373 3045 3455 tribunatu
3071 3374 3282 3448 xlv„
3328 3393 3406 3435 ac
3443 3384 3585 3433 tum

2094 3476 2309 3541 adhuc
2354 3490 2456 3542 est
2499 3478 2682 3539 IMP.
2713 3476 2792 3537 11.
2879 3475 3185 3560 Denique
3241 3474 3416 3537 lMP.
3471 3472 3586 3535 111.

2093 3579 2335 3643 dicitur
2380 3579 2447 3640 in
2479 3577 2629 3640 trib.
2675 3591 3002 3663 potestate
3037 3576 3244 3643 XVII.
3289 3572 3464 3637 forte
3503 3593 3589 3639 ex

2091 3679 2371 3748 victoria
2405 3678 2488 3741 de
2529 3679 2939 3753 Alemannis,
3002 3697 3218 3762 neque
3269 3676 3588 3760 deinceps
3652 3699 3655 3702 ⁴

2096 3781 2398 3898 amplius,
2447 3777 2834 3843 docentibus
2877 3778 3055 3843 istud
3085 3779 3419 3846 luculente
3473 3803 3593 3844 nu·

2098 3882 2245 3955 mis,
2259 3879 2464 3945 hunc
2509 3880 2829 3944 honorem
2866 3879 3149 3943 iteravit.
3194 3878 3358 3943 Cum
3374 3881 3592 3945 numis

2102 3983 2436 4068 οοηερίιειι
2498 3981 2759 4046 illustre
2806 3999 3096 4045 marmor
3135 3981 3355 4047 arvale
3417 3980 3591 4068 apud

493 4105 658 4168 quae
690 4087 752 4153 ei
809 4087 963 4155 vivo
1000 4083 1211 4152 adhuc
1245 4102 1432 4172 patre
1459 4087 1634 4152 hunc
1668 4085 1989 4149 honorem
2100 4083 2458 4152 Matinium
2497 4075 2575 4163 ¹).

472 4471 3585 4505 *W

568 4618 639 4689 a)
675 4613 980 4675 iti‘Carac.
1019 4632 1069 4674 c.
1094 4626 1150 4690 9.

496 4713 544 4785 ς».
578 4723 633 4786 9.
782 4709 1266 4786 d>Pag-150.⁵·
1415 4707 1889 4787 e)1>ag.265.3.

1292 4614 1367 4691 b)
1408 4615 1686 4693 Spartian
1722 4616 2049 4678 ‘inflat-ac.
2089 4636 2146 4678 c.
2179 4628 2266 4679 ιο.
2306 4615 2456 4676 etin
2485 4614 2635 4674 Geta
2671 4633 2721 4675 c.
2744 4616 2801 4683 6.

2029 4704 2085 4783 f)
2121 4708 2277 4769 Frat.
2316 4724 2440 4767 arv.
2479 4725 2542 4785 p·
2576 4714 2702 4771 508.

2915 4615 2980 4690 c)
3015 4614 3132 4679 Dio
3168 4613 3232 4675 1..
3263 4611 3589 4676 Lxxvm.
