4475 5584
904 477 1049 570 too

907 679 1048 723 sum
1085 650 1382 718 exhibuit
1410 650 1492 730 ¹¹).
1548 651 1973 710 Iterum-101
2006 636 2401 704 loTcToc

907 759 1203 822 molesta.
1238 756 1533 817 ,Numam
1567 768 1711 812 esse
1749 746 2082 828 antiquum
2114 764 2248 806 non
2288 741 2403 820 du

907 859 1103 932 bito..
1151 855 1268 920 sed
1299 872 1574 926 vereor,
1617 869 1701 911 ne
1740 845 2142 910 Pescennius
2183 845 2251 908 in
2303 845 2401 906 lo-

909 980 1057 1022 cum
1094 956 1335 1022 Severi
1363 975 1485 1038 per
1520 964 1726 1014 artem
1768 959 2104 1008 recentem
2138 964 2399 1010 succes·

910 1058 1092 1121 seuit.
1171 1059 1341 1121 Sane
1378 1067 1753 1139 praetorem
1806 1047 1902 1110 cl.
1955 1046 2398 1108 Stratonicum

904 1158 1198 1224 offerunt
1245 1157 1427 1221 numi
1476 1151 1731 1217 Severi
1762 1163 1829 1212 et
1866 1123 2166 1209 D'omnae
2227 1144 2440 1228 apud

908 1264 1250 1342 Smyrnam
1304 1254 1570 1340 signati,
1631 1267 1766 1314 tum
1821 1263 1887 1311 et
1937 1262 2161 1331 typum
2211 1249 2401 1309 Ama-

907 1363 1094 1426 zonis
1140 1361 1447 1425 similem.
1539 1353 1710 1425 Vide
1760 1346 2098 1419 Vaillantii
2160 1366 2399 1410 numos

912 1468 1227 1530 Graecos.

1628 1552 1668 1592 ss

1192 1659 1405 1725 ATT.
1450 1658 1539 1723 Κ.
1584 1650 1664 1722 Γ.
1713 1647 1988 1782 ΠΕΟΚ.
2038 1646 2397 1714 ΝῙΓΡΟΟ.

1193 1759 1429 1825 ].0Tc
1464 1755 1537 1822 C.

909 1875 1108 1939 COL.
1152 1871 1230 1931 P.
1262 1867 1341 1929 F.
1376 1859 1579 1929 AVG.
1619 1835 1976 1923 CAESAR.
2045 1858 2248 1936 Caput
2278 1855 2403 1916 Sa-

913 1976 1184 2054 rapidis.

925 2091 931 2096 ·
1036 2076 1321 2135 Numum
1356 2059 1705 2148 aliquando
1722 2057 2111 2121 Vaillantius
2130 2075 2211 2118 ex
2243 2077 2405 2139 gaza

906 2171 1251 2240 Parmensi
1286 2164 1668 2247 descripsit,
1734 2159 1851 2223 sed
1880 2155 2055 2243 quod
2090 2155 2404 2239 bilinguis

909 2291 1052 2352 est,
1113 2282 1487 2355 suspectum
1542 2277 1642 2325 est
1691 2274 1867 2323 ratus
1898 2255 1986 2339 b).
2052 2259 2280 2321 Serius
2313 2271 2408 2319 10..

910 2391 1114 2443 status
1188 2387 1324 2448 est,
1421 2387 1571 2430 eum
1638 2386 1693 2444 a,
1734 2363 1966 2450 peritis
2049 2360 2403 2445 genuinum

914 2480 1099 2546 credi
1137 2475 1218 2558 ο).
1282 2475 1494 2536 Tanto
1536 2485 1698 2549 ergo
1730 2461 2091 2549 proclivius
2134 2479 2403 2523 numum

910 2581 1088 2642 hunc
1126 2578 1190 2639 in
1238 2568 1757 2637 adulterinorum
1808 2584 2156 2626 numerum
2212 2582 2409 2646 repo-

909 2701 1184 2755 nemus,
1243 2695 1389 2739 cnm
1434 2668 1827 2747 ⁸V'aillantius
1877 2684 2019 2748 non,
2059 2665 2225 2741 suis,
2290 2661 2407 2725 sed

913 2780 1145 2846 alienis
1175 2776 1384 2841 oeulis
1400 2770 1713 2855 judicium
1734 2769 1936 2841 ferat,
1983 2781 2047 2828 et
2068 2779 2411 2849 suspectus

908 2884 1037 2968 jam
1074 2880 1249 2945 visus
1280 2875 1481 2939 fuerit
1510 2870 1833 2935 Pedrusio
1867 2868 2070 2931 musei
2100 2869 2414 2930 Parmen-

914 2986 1001 3048 sis
1032 2979 1310 3047 custodi.
1359 2979 1670 3040 Aversam
1719 2969 1901 3034 numi
1948 2984 2202 3054 partem
2261 2983 2408 3055 esse

866 3147 879 3164 ,
910 3084 1224 3171 probam,
1269 3102 1401 3143 non
1438 3095 1810 3159 negavero,
1868 3069 1987 3133 sed
2021 3069 2233 3136 antica
2284 3067 2414 3131 dis·
2459 3081 2466 3085 ’

915 3188 1156 3269 plicet,
1212 3201 1360 3241 nam
1411 3178 1669 3241 colonia
1719 3175 2038 3237 Caesarea
2079 3169 2413 3235 Samariti-

914 3288 1070 3361 dos,
1118 3301 1431 3368 quorsum
1469 3276 1576 3339 hic
1610 3297 1845 3337 numus
1876 3274 2205 3360 pertinet,
2251 3293 2414 3334 nun·

912 3407 1107 3472 quam
1154 3380 1584 3463 inscriptione
1634 3377 1931 3451 Graeca,
2012 3375 2131 3439 sed
2178 3373 2411 3437 Latina

913 3505 1212 3570 semper,
1256 3482 1466 3544 multo
1500 3479 1713 3540 minus
1745 3492 2019 3563 utraque
2063 3476 2128 3538 in
2172 3474 2406 3539 eodem

911 3609 1112 3651 numo
1134 3598 1232 3650 est
1253 3604 1388 3645 usa.
1436 3580 1657 3675 Quare
1679 3577 1945 3641 dubium
1971 3598 2103 3640 non
2134 3591 2234 3640 est
2255 3622 2272 3652 ,
2303 3596 2408 3639 re-

918 3703 1175 3757 centem
1215 3703 1473 3747 manum
1508 3683 1573 3742 in
1607 3682 1819 3765 capite
1840 3726 1857 3757 ‚
1918 3693 1986 3744 et
2017 3679 2231 3741 literis
2262 3701 2408 3764 par-

915 3791 1000 3855 tis
1036 3789 1289 3854 amicae
1331 3782 1735 3869 refiugendis
1758 3801 1919 3844 ‘sese
1949 3782 2359 3845 exercuisse.

1477 4030 1518 4071 Ut
1643 3984 1684 4026 *
1809 4029 1848 4068 ὓ

1040 4087 1529 4155 Alexandrinos
1564 4086 1758 4170 hujus
1794 4088 2073 4172 Augusti
2111 4086 2305 4153 binos
2341 4089 2407 4151 in

915 4197 1136 4259 lucem
1171 4191 1353 4255 dedit
1397 4191 1482 4255 el.
1520 4189 1719 4253 abbas
1756 4190 2108 4266 Sestinius,
2154 4192 2239 4256 de
2270 4191 2411 4276 qui·

922 4297 1045 4360 bus
1102 4313 1269 4379 quae
1328 4313 1471 4356 mea
1520 4292 1600 4353 sit
1650 4292 2008 4370 sententia,
2067 4293 2201 4377 jam
2232 4295 2410 4358 alias

917 4398 1072 4462 loeo
1106 4417 1226 4458 suo
1260 4393 1541 4458 indicavi
1572 4391 1657 4473 d)

1708 439 1719 466 “
1792 452 2562 535 PESCENNIVS
2666 458 3075 540 menn.

2917 648 3201 709 Nomina
3217 688 3234 719 ,
3280 663 3361 705 ac
3389 647 3585 708 timu.

2529 887 2538 902 ·
2640 808 2746 872 Ad
2793 811 3091 887 nomina,
3140 832 3307 897 quae
3358 814 3743 886 obseivem,
3797 795 4002 902 pauca

2516 889 2749 979 habeo.
2809 915 2943 975 Cui
2981 916 3070 978 IV
3077 914 3211 975 STI
3256 913 3519 977 nomine
3567 912 3840 997 gloriari
3894 934 4007 980 vo·
4069 945 4078 952 ·

2515 1014 2754 1089 luerit,
2830 1011 2965 1074 dixi
3032 1036 3226 1100 supra
3292 1014 3375 1077 ad
3421 1036 3690 1080 numum
3741 1012 4007 1080 lvs‘rl-

2517 1117 2682 1177 ΤῙΑ
2723 1099 3124 1182 AVG'VsTt.
3189 1115 3620 1180 Pescennium
3647 1116 3868 1181 PIVM
3913 1115 4006 1178 fa·-

2516 1218 2605 1279 cit.
2647 1238 2882 1278 numus
2936 1217 3416 1282 Alexandninus
3461 1239 3498 1280 a
3560 1217 3820 1281 Sestino
3867 1217 4006 1280 edi·

2513 1330 2658 1392 tus,
2721 1317 2841 1379 sed
2892 1320 2998 1382 vel
3044 1319 3195 1381 ideo
3246 1316 3458 1402 magis
3508 1331 3886 1403 suspectus,
3933 1333 4004 1384 ut
4065 1303 4080 1318 ’

2514 1417 2650 1481 dixi
2681 1418 2832 1482 loco
2870 1441 3023 1483 mox
3049 1419 3359 1484 indicato.

3094 1659 3424 1738 CodsnL

2645 1861 2720 1921 In
2758 1861 2972 1924 numis
2999 1860 3347 1924 Pescennii
3393 1879 3524 1922 non
3562 1863 3786 1945 paucis
3827 1878 4007 1927 nota·

2414 2031 2424 2042 ,
2517 1973 2628 2023 tur
2655 1964 3029 2026 consulatus
3054 1964 3167 2037 11.‚
3209 1962 3329 2024 sed
3366 1962 3558 2025 unius
3592 1976 3839 2026 tantum
3877 1984 4012 2025 me·

2520 2062 2851 2124 minernnt
2892 2064 3220 2141 historici,
3282 2085 3449 2150 quos
3499 2085 3695 2147 supra
3740 2064 3809 2126 in
3865 2063 4006 2147 ejus

2520 2163 2653 2226 vita
2739 2163 3032 2241 laudavi,
3131 2168 3412 2229 alterum
3488 2164 4008 2238 dissimulavere.

2521 2263 2671 2327 Non
2709 2281 3033 2351 repugnat
3074 2266 3216 2350 ejus
3252 2267 3480 2330 aetatis
3510 2268 3842 2342 moribus,
3887 2270 4011 2331 Pe-

2503 2360 2856 2430 scennium
2936 2369 3256 2452 proximis
3319 2369 3639 2431 Kalendis
3695 2369 4011 2432 Ianuariis

2520 2481 2670 2551 post
2704 2468 2948 2531 aditum
2986 2469 3335 2553 imperium
3368 2484 3676 2555 arrogato
3706 2470 3831 2532 sibi
3861 2471 4012 2554 jure

2522 2570 2861 2634 consulem
2878 2570 2960 2632 11.
2983 2569 3051 2631 in
3068 2571 3345 2635 Oriente
3381 2573 3806 2656 processisse,
3834 2570 4013 2657 quod

2520 2694 2554 2734 a
2596 2672 2926 2736 veteribus
2949 2694 3080 2735 non
3111 2685 3212 2736 cst
3245 2671 3641 2743 adnotatum.

2908 2897 3172 2957 Pater
3245 2899 3627 2974 palriae.
3677 2955 3698 2968 „

2650 3079 2847 3146 Hune
2907 3070 3170 3144 tituluin
3213 3101 3452 3162 numus=
3516 3083 3744 3145 unicus
3791 3083 4010 3165 jactat,

2524 3182 2711 3267 isque
2746 3201 2983 3247 aureus
3004 3228 3021 3259 ,
3068 3203 3264 3269 quem
3301 3183 3453 3246 vide
3483 3203 3683 3267 supra
3708 3182 3774 3246 in
3808 3183 4015 3248 CON-

2527 3286 2882 3349 CORDIA.
2920 3269 3259 3369 ‘Amplius
3301 3286 3582 3361 mirere,
3629 3297 4012 3368 usurpatum

2524 3410 2563 3451 a
2601 3390 2811 3472 Nigro
2859 3389 3215 3463 honorem,
3282 3386 3396 3472 qui
3437 3386 3709 3450 decerni
3749 3405 4014 3469 semper

2523 3511 2561 3553 a
2598 3504 2827 3553 senatu
2858 3504 2959 3552 est
2988 3487 3255 3567 solitus,
3315 3488 3494 3574 quod
3524 3502 3743 3550 tamen
3775 3486 3855 3549 ab
3886 3487 4014 3549 hoc

2520 3604 2837 3654 tentatum
2882 3603 3160 3674 propter
3210 3605 3457 3654 metum
3504 3591 3720 3674 primo
3758 3586 4014 3661 Iuliani,

2523 3693 2761 3757 deinde
2812 3692 3082 3766 Severi,
3155 3692 3364 3755 nullo
3407 3706 3605 3777 pacto
3671 3689 4011 3754 credibile.

2520 3794 2817 3869 Vereor,
2885 3813 2972 3857 ne
3035 3795 3199 3856 haee
3256 3794 3395 3878 ipsa
3439 3793 3774 3879 peristasis
3829 3791 4014 3854 fami·

2524 3897 2733 3983 gerati
2768 3895 2960 3980 hujus
2975 3898 3158 3960 numi
3185 3895 3382 3960 fidem
3406 3939 3423 3970 ,
3465 3896 3820 3979 praecipue
3840 3892 4017 3978 quod

2522 4000 2753 4066 unicus
2788 3999 2856 4061 in
2889 4019 3050 4065 auro
3087 4014 3223 4073 est,
3267 3998 3567 4061 nonnihil
3603 3997 3872 4061 minuat.

3261 4113 3292 4123 -v

2913 4204 3287 4265 Tribum‘cia
3338 4211 3647 4282 potestas.

2651 4391 2875 4476 Vsque
2918 4409 3091 4452 nunc
3123 4387 3355 4452 unicus
3382 4386 3494 4451 hic
3526 4401 3628 4451 est
3650 4389 4003 4473 Angustus,

915 4542 4017 4577 wm—

1034 4645 1092 4714 a)
1122 4645 1313 4719 Essay
1340 4659 1417 4699 on
1440 4638 1668 4720 medals
1692 4613 1829 4697 vol.
1861 4639 1904 4697 1.
1940 4660 2003 4718 p.
2035 4651 2170 4705 ³0¹·

921 4738 991 4797 Τ.
1028 4735 1098 4796 11.
1124 4754 1185 4813 p.
1214 4744 1342 4797 201.
1374 4728 1514 4789 edit.
1551 4728 1722 4786 Rom.

2347 4640 2417 4709 b)
2459 4641 2519 4697 in
2550 4638 2758 4722 Numis
2791 4636 3071 4695 coloniar.
3099 4655 3157 4710 p.
3192 4641 3317 4696 224.

1870 4726 1942 4802 d)
1980 4728 2116 4790 vot.
2146 4727 2250 4790 IV.
2289 4747 2349 4806 p.
2385 4739 2474 4792 81.

3499 4639 3556 4704 e)
3595 4633 3766 4694 Num.
3797 4626 4016 4711 praest'
