4475 5584
949 467 1048 562 96

955 645 1312 720 Galenum‚
1359 661 1553 727 quem
1584 662 1778 726 supra
1804 639 1872 702 in
1913 642 2002 703 Μ.
2032 640 2287 702 Aurelii
2321 662 2434 703 no·

951 745 1236 811 minibus
1278 743 1573 819 laudavi,
1636 763 2041 829 nequaquam
2093 742 2274 808 Vero
2309 746 2436 804 An-

952 847 1161 913 tonini
1193 866 1435 910 nomen
1472 841 1795 919 tribuere,
1840 865 1972 929 quo
2004 845 2154 905 loco
2187 844 2271 905 de
2291 863 2442 928 per-
2497 929 2506 936 .

961 949 1225 1014 mutatis
1282 946 1363 1009 ab
1395 960 1676 1030 utroque
1707 944 2251 1030 appellationibus
2282 944 2436 1029 agit.

956 1051 1064 1118 Ad
1129 1051 1330 1128 haec,
1389 1047 1446 1109 si
1487 1067 1720 1111 revera
1766 1043 2200 1109 honorificum
2261 1044 2439 1107 istud

955 1151 1270 1217 Antonini
1319 1168 1558 1214 nomen
1596 1148 1720 1211 sibi
1756 1147 2039 1210 delatum
2093 1146 2255 1222 fuit,
2316 1165 2439 1210 cur

950 1256 1120 1319 illud
1149 1258 1329 1324 Vero
1355 1252 1422 1314 in
1458 1241 1648 1313 n‘ullo
1683 1264 1791 1312 aut
1834 1268 2071 1322 numo,
2116 1261 2224 1309 aut
2268 1269 2438 1309 mar-

949 1378 1170 1435 more,
1211 1377 1345 1418 non
1378 1373 1528 1417 raro
1564 1370 1791 1414 omnes
1836 1350 1978 1431 ejus
2014 1349 2239 1411 titulos
2272 1348 2438 1411 libe-
2532 1351 2539 1360 “

946 1460 1180 1525 raliter
1205 1456 1520 1540 jactante.
1565 1451 1900 1517 sociatur?
1962 1451 2226 1534 dempto
2261 1449 2436 1512 forte

945 1559 1311 1636 Amastriae
1360 1553 1847 1640 Paphlagoniae
1888 1573 2124 1629 numo,
2184 1552 2252 1611 in
2304 1547 2434 1635 quo

950 1663 1044 1738 is,
1108 1661 1164 1724 si
1216 1656 1411 1721 modo
1452 1656 1606 1719 satis
1639 1651 1971 1715 fidendum
2008 1656 2261 1716 auctori
2296 1675 2437 1717 mu·

951 1764 1049 1828 sei
1082 1742 1413 1844 T'heupoli
1456 1767 1548 1835 ⁸),
1595 1757 1782 1838 cujus
1825 1776 1955 1818 non
1984 1776 2136 1817 raro
2169 1756 2435 1819 oracula

949 1866 1224 1940 fallunt,
1284 1860 1526 1925 dicitur
1577 1853 1964 1918 OTHPOC.
1988 1864 1992 1867 ⁴
2013 1852 2436 1918 ANTONI-

955 1964 1158 2028 NOC.
1222 1962 1392 2025 Addi
1419 1974 1638 2045 posset
1668 1978 1905 2020 numus
1942 1958 2257 2021 maximae
2299 1961 2435 2023 for.

946 2087 1105 2129 mae.
1154 2063 1325 2148 apud
1368 2061 1875 2125 Buonarrotium
1919 2060 1983 2142 b)
2044 2064 2432 2146 inscriptum

908 2161 1104 2232 ‘Am
1157 2160 1542 2226 OTHPOC.
1591 2161 2244 2226 ΑΝΤΩΝΕῙΝΟΟ.
2303 2164 2436 2229 Ve-

950 2287 1094 2331 rum
1126 2287 1256 2328 non
1296 2264 1449 2327 satis
1483 2263 1729 2347 liquet,
1774 2265 1940 2327 sitne
1976 2280 2165 2349 caput
2195 2268 2438 2329 M.Au-

951 2370 1101 2433 relii
1121 2386 1156 2445 ‚·
1184 2389 1263 2429 an
1284 2363 1564 2431 L.Veri.
1608 2363 1987 2449 Cumigitur
2016 2379 2433 2430 monumenta

949 2470 1250 2557 publica,
1310 2468 1542 2529 saltem
1606 2479 1822 2539 certa,
1871 2468 1997 2530 hoc
2043 2486 2283 2528 nomen
2332 2486 2438 2527 re-

945 2573 1227 2647 ticeant,
1302 2567 1661 2631 verisimile
1714 2567 1973 2649 potius,
2032 2565 2202 2629 illud
2257 2570 2433 2631 Vero

944 2694 1275 2759 nunquam
1322 2683 1513 2733 certa
1537 2667 1836 2753 quapiam
1888 2669 2038 2754 lege
2082 2650 2287 2731 suiss⁰e
2324 2669 2435 2731 de·

943 2775 1190 2849 latum,
1265 2773 1388 2836 etsi
1456 2794 1578 2860 per
1643 2771 1953 2836 Antonini
2012 2770 2429 2854 adoptionem

946 2877 1051 2959 jus
1099 2876 1200 2938 illi
1236 2873 1305 2937 in
1335 2875 1479 2940 hoc
1526 2875 1687 2952 fuit,
1749 2887 1813 2936 et
1859 2872 1914 2934 si
1959 2870 2122 2934 illud
2162 2872 2432 2934 fortein

847 3002 863 3015 ⁸
945 2978 1250 3062 quopiam
1271 2991 1695 3041 monumento
1719 2975 1783 3037 in
1815 2974 2171 3058 provinciis
2190 2986 2431 3038 statuto

946 3077 1367 3161 conjunctum
1428 3080 1725 3163 legatur,
1779 3074 1851 3137 id
1893 3096 1971 3139 ea
2017 3075 2271 3137 ratione
2300 3074 2433 3138 fac·

942 3192 1079 3243 tum
1116 3179 1329 3244 videri
1359 3178 1599 3263 possit,
1660 3198 1784 3262 qua
1820 3176 2128 3240 Aurelius
2167 3194 2431 3259 quoque

940 3277 1156 3343 adhuc
1205 3280 1447 3344 Cacsar
1507 3279 1573 3339 in
1637 3277 1968 3340 nonnullis
2007 3276 2255 3350 numis‚
2313 3276 2434 3339 sed

944 3383 1286 3444 commatis
1322 3379 1697 3465 peregrini,
1759 3382 2124 3442 Antoninus
2167 3377 2428 3455 dicitur,

945 3478 1066 3543 sed
1122 3481 1301 3543 nulla
1352 3480 1614 3565 publica
1654 3479 2075 3555 auctoritate,
2129 3494 2202 3542 ut
2236 3499 2429 3563 supra

942 3582 1014 3645 in
1058 3582 1267 3654 titulis
1315 3580 1688 3657 M‚Aurelii
1730 3578 2037 3646 indicavi.
2123 3580 2435 3668 Capitoli-

944 3704 1101 3761 nus,
1146 3697 1212 3746 et
1247 3682 1696 3769 Lampridius,
1740 3683 1854 3766 qui
1901 3682 2121 3746 datum
2165 3681 2268 3744 illi
2299 3681 2430 3748 boc

895 3775 903 3869 ἶ
944 3804 1188 3847 nomen
1223 3782 1631 3848 confidenter
1657 3782 2004 3859 adserunt,
2045 3783 2221 3849 forte
2257 3786 2430 3851 istud

948 3905 1031 3949 ex
1088 3885 1371 3949 aliorum
1428 3888 1746 3952 sententia
1809 3891 2191 3976 scripserint
2204 3911 2225 3963 3
2280 3910 2431 3951 nam

945 3987 1185 4052 horum
1252 3989 1585 4072 posterior
1643 4007 1965 4068 memorat
1990 4001 2005 4012 ·
2031 4012 2295 4077 quoque
2346 3992 2429 4074 ⁰).

938 4095 1115 4178 luade
1145 4095 1344 4155 etiam
1371 4095 1634 4175 qnidam
1665 4104 1731 4155 et
1755 4098 2057 4158 Severum
2077 4140 2094 4171 ,
2137 4105 2203 4158 et
2232 4097 2434 4157 Perti-

946 4212 1169 4255 nacem
1185 4236 1203 4268 ,
1249 4203 1315 4256 et
1327 4196 1656 4258 Iulianum
1673 4201 2139 4260 Antoninorum
2161 4217 2435 4277 praeno-

945 4297 1225 4357 ms'm‘bm
1276 4298 1681 4359 honorandos
1711 4307 1965 4379 putant.
2023 4296 2276 4363 Verum
2312 4296 2432 4359 hos

947 4397 1205 4458 nullum
1257 4383 1471 4461 adhuc
1540 4397 1876 4483 cognitum
1938 4411 2433 4462 monumentum

1059 4611 1124 4681 a)
1160 4629 1293 4687 pag.
1323 4620 1450 4682 9¹3.
1667 4609 1738 4685 b)
1791 4612 2030 4675 Osserv.
2066 4614 2228 4673 istor.
2268 4633 2326 4690 p.
2369 4616 2458 4676 86.

956 4702 1011 4771 e)
1049 4698 1185 4776 Psg.
1207 4710 1339 4763 25⁷.
1374 4713 1466 4762 n.
1504 4709 1564 4757 et
1593 4709 1723 4766 258.
1761 4712 1821 4768 ὅ.

1756 559 1761 566 ,
1844 461 1930 531 L.
2034 447 2680 532 AVRELIVS'
2745 458 3153 533 VERVS.

2549 641 2913 707 Antoninos
2946 637 3356 726 pronunciat.
3434 634 3596 721 Ejus
3651 636 3848 702 etiam
3880 636 4036 699 Ela-

2552 742 2851 826 gabalum
2896 742 2963 804 in
3003 743 3480 807 Antoninorum
3526 741 3784 805 calculo
3839 737 4041 802 ratio-

2553 864 2702 906 nem
2740 864 2871 906 non
2900 843 3237 922 habuisse,
3281 844 3348 907 in
3378 843 3573 926 hujus
3615 853 3881 907 moneta
3911 837 4036 903 sub

2552 945 2816 1009 nomine
2847 951 3165 1012 Anconem·
3203 945 3592 1012 videbimus.

3076 1170 3510 1250 Pontifex.

2675 1351 3099 1418 Pontificatus
3124 1352 3192 1415 in
3224 1355 3473 1421 Verum
3495 1350 3718 1416 collati
3752 1347 3875 1414 etsi
3900 1367 4035 1410 non

2550 1454 2969 1517 meminerint
3023 1457 3425 1538 scriptores,
3485 1452 3768 1516 dubitari
3813 1464 4036 1514 tamen

2548 1555 2734 1619 nullo
2779 1570 2972 1640 pacto
3025 1570 3278 1641 potest,
3339 1554 3482 1638 ejus
3530 1553 3792 1637 generis
3831 1571 4036 1613 unum

2547 1659 2655 1720 vel
2693 1657 2918 1742 plures
2935 1658 3038 1720 illi
3068 1669 3220 1743 post
3248 1655 3665 1739 adoptionem
3691 1653 3892 1716 fuisse
3923 1652 4040 1715 de-
4083 1701 4092 1708 .

2550 1772 2792 1823 cretos.
2835 1760 2924 1821 Et
2948 1778 3109 1823 vero
3143 1756 3465 1819 Gruterus
3494 1755 3779 1839 lapidem
3811 1755 4040 1838 vulga·

2549 1860 2681 1934 vit,
2743 1860 2810 1921 in
2859 1880 2989 1944 quo
3037 1859 3181 1921 aliis
3228 1858 3369 1942 ejus
3421 1858 3737 1928 encomiis
3777 1856 4042 1919 additur

2546 1962 2775 2023 titulus
2803 1961 3243 2025 PONTIFIC.
3280 1960 3366 2041 d).
3412 1960 3609 2024 Numi
3626 1958 3801 2021 bunc
3827 1957 4040 2020 bono·

2547 2082 2690 2125 rem
2733 2077 3057 2147 perpetuo
3106 2063 3408 2127 reticent.
3486 2064 3573 2124 At
3632 2061 3803 2123 enim
3855 2056 4038 2122 istud

2547 2163 2785 2226 mirum
2804 2208 2822 2239 ,
2881 2166 2959 2227 1..
2983 2167 3232 2231 Verum
3265 2165 3332 2226 in
3371 2162 3542 2224 binis
3570 2160 3836 2224 Gruteri
3867 2182 4040 2224 mar·

2547 2266 2842 2328 moribus
2878 2265 3372 2347 dicipontae'ficem
3386 2271 3738 2331 maaet‘mum
3766 2267 3847 2347 Θ),
3880 2284 4037 2328 cum

2550 2379 2807 2430 constet
2843 2380 3093 2441 tamen,
3139 2368 3196 2430 si
3252 2370 3512 2452 quando
3562 2368 3692 2433 duo
3751 2365 4036 2451 Augusti

2549 2464 2898 2550 imperium
2969 2489 3097 2530 una
3150 2481 3541 2547 tenuerunt,
3599 2470 3834 2534 horum
3890 2482 4036 2531 tan-

2553 2582 2687 2632 tum
2722 2591 2960 2645 unum,
3006 2583 3200 2653 atque
3239 2570 3416 2634 hunc
3449 2572 3778 2634 seniorem
3818 2571 4037 2656 ponti·

2546 2666 2777 2732 ficatus
2822 2669 3089 2732 maximi
3154 2689 3428 2735 munere
3476 2671 3811 2748 functum,
3871 2673 4034 2735 dum

2546 2770 2859 2833 Balbinus
2925 2785 2992 2833 et
3039 2771 3373 2856 Pupienus
3428 2794 3683 2836 morem
3732 2788 4033 2838 veterem

2546 2869 2901 2955 infregere.
2948 2873 3170 2969 Quare
3206 2895 3603 2936 marmorum
3641 2874 3875 2940 horum
3893 2876 4041 2960 epi·

2548 2988 2904 3057 grammata
2953 2988 3062 3037 aut
3092 2976 3266 3038 male
3309 2988 3458 3038 sunt
3511 2974 3872 3060 descripta,
3916 2990 4038 3040 aut

2546 3074 2612 3136 in
2647 3074 3005 3158 provinciis
3052 3098 3088 3138 a
3118 3076 3388 3141 rudibus
3431 3081 3714 3166 ingeniis
3766 3081 4029 3155 dictata,

2546 3174 2614 3235 in
2642 3197 2767 3259 qua
2803 3177 3122 3239 sententia
3150 3181 3490 3264 comperio
3530 3203 3792 3269 quoque
3824 3181 4036 3248 fuisse

2545 3276 2967 3355 Bimardum,
3053 3278 3166 3363 qui
3242 3281 3561 3346 intrusum
3631 3285 3808 3349 hunc
3868 3283 4035 3352 Veri

2543 3377 2993 3461 pontificatum
3042 3380 3394 3447 maximum
3443 3385 3713 3471 copiose
3760 3400 3829 3452 et
3881 3377 4070 3448 eru?

2547 3479 2683 3543 dite
2725 3478 3064 3567 impugnat
3107 3476 3182 3565 ⁸).

2941 3707 3199 3768 Pater
3247 3712 3629 3786 patria-e.

2673 3885 2748 3947 ln
2785 3885 2999 3950 numis
3028 3889 3119 3951 M.
3149 3891 3404 3955 Aurelii
3428 3893 3509 3956 ad
3544 3893 3824 3960 eundem
3855 3897 4036 3980 hune

2546 3985 2808 4051 titulum
2829 3987 3105 4073 probavi
3126 4033 3146 4067 ,
3190 3992 3534 4057 Aurelium
3559 4017 3730 4061 anno
3767 3998 4040 4065 demum

2544 4090 2629 4156 V.
2669 4090 2744 4154 C.
2795 4090 2921 4176 930
2942 4134 2960 4168 ,
3011 4091 3096 4154 sd
3129 4114 3454 4186 summum
3517 4113 3801 4166 exeunte
3858 4124 4032 4170 anno

2546 4208 2672 4275 929
2746 4192 2951 4277 patris
3020 4195 3271 4278 patriae
3329 4191 3594 4262 ”nomen
3661 4198 4030 4287 adoptasse.

2550 4293 2771 4389 Quare
2800 4307 2940 4357 toto
2971 4293 3091 4358 illo
3121 4309 3460 4382 tempore,
3510 4319 3642 4386 quo
3673 4302 3752 4365 L.
3779 4305 4035 4373 Verum

2550 4396 2891 4482 conlegam
2951 4396 3215 4476 habuit,
3287 4399 3407 4464 illo
3470 4401 3712 4479 caruit,
3793 4405 4036 4470 caruit-

2676 4615 2735 4685 c)
2774 4612 2839 4671 in
2867 4611 3140 4673 Diadum.
3177 4631 3225 4672 c.
3259 4616 3312 4676 6.
3533 4615 3603 4693 d)
3648 4617 3783 4698 Psg.
3814 4629 3939 4686 253.
3977 4632 4038 4684 2.

2038 4701 2089 4776 s)
2126 4705 2193 4763 B.
2222 4703 2288 4764 1..
2321 4704 2389 4760 T.
2421 4702 2555 4762 ΧΠ.
2611 4703 2781 4762 Mem.
2825 4722 2884 4782 p.
2917 4711 3042 4770 400.
