4475 5584
925 430 959 495 1
974 426 1077 517 81⁸·-

924 593 1159 666 OLVS
1202 592 1331 655 hoc
1372 589 1525 652 loco
1568 604 1969 672 praenomen
2015 598 2152 660 est,
2214 583 2420 667 scrip·

921 715 1061 764 tum
1119 717 1243 781 pro
1289 690 1611 765 AVLVS‚
1697 686 1882 771 cujus
1939 686 2241 770 exempla
2290 687 2414 773 alia

920 783 1239 863 dedi'vol.
1273 796 1382 864 lv.
1417 814 1482 877 p.
1515 790 1623 855 56.

1051 899 1251 981 Cujus
1303 908 1575 958 naturae
1621 892 1823 956 fuerit
1853 894 2018 956 haec
2068 889 2224 967 dea,
2284 908 2416 974 quo

922 1004 1103 1068 cultu
1121 996 1481 1084 proposita,
1518 995 1766 1078 optime
1793 993 2057 1057 docebit
2077 990 2416 1075 Apuleius,

916 1106 1059 1189 ipse
1109 1100 1293 1165 Afer.
1374 1103 1621 1179 Maqna
1675 1099 1851 1158 Iovis
1895 1084 2259 1178 germana,
2321 1092 2417 1163 in-

919 1204 1062 1290 quit
1093 1204 1188 1283 ⁸),
1247 1211 1311 1264 et
1350 1202 1667 1281 coniuya,
1728 1200 1866 1260 sive
1909 1210 1979 1260 tu
2025 1199 2214 1259 Sami
2233 1239 2252 1272 ,
2309 1227 2336 1241 -
2388 1226 2420 1241 -

916 1311 1056 1368 eive
1088 1306 1297 1366 celsae
1328 1302 1733 1381 Carthaqinis
1752 1342 1770 1374 ,
1815 1319 1981 1383 quae
2010 1309 2073 1359 te
2102 1300 2418 1377 viryae’nem

770 1432 775 1435 ·
902 1415 1178 1468 *vectura
1212 1406 1418 1465 leonis
1447 1403 1621 1466 coelo
1644 1409 2096 1462 commeantem
2119 1399 2418 1477 percolit,

913 1511 1140 1570 beatas
1172 1508 1352 1567 sedes
1359 1506 1757 1586 frequentas.
1803 1504 1905 1563 En
1940 1501 2060 1561 tibi
2078 1500 2244 1563 hanc
2265 1500 2421 1562 Car-

914 1605 1428 1692 thaginiensium
1495 1603 1684 1666 deam
1732 1602 1802 1663 in
1858 1614 2125 1665 vectura
2179 1600 2414 1677 leonis,

915 1723 1110 1794 atque
1161 1708 1289 1770 hoc
1346 1704 1544 1768 etiam
1591 1701 1789 1765 modo
1849 1704 1915 1763 in
1971 1723 2171 1766 numo
2228 1722 2419 1787 prae·

784 1864 789 1871 .
917 1823 1105 1872 sente
1126 1807 1566 1895 propositam,
1610 1819 1750 1867 tum
1778 1817 1845 1865 et
1880 1801 2256 1889 abApuleio
2292 1824 2412 1887 pro

1248 1909 1535 1971 habitam
1556 1953 1573 1984 ‚

917 1914 1167 1974 Iunone
1671 1928 2040 1991 quanquam
2119 1921 2413 1991 spectato

912 2012 1129 2076 leonis
1196 2009 1563 2083 ministerio
1643 2006 1891 2091 aliquid
1964 2005 2197 2079 habeat
2262 2027 2430 2083 cum⁴

896 2102 1131 2178 -Matre
1167 2113 1360 2176 deum
1393 2129 1741 2174 commune
1764 2153 1780 2185 ,
1824 2121 1894 2169 ut
1931 2128 2164 2170 revera
2191 2109 2261 2171 S.
2287 2110 2416 2171 Au-

914 2216 1213 2300 gustinus
1248 2214 1416 2277 hanc
1450 2227 1517 2276 et
1558 2211 1931 2275 Coelestem
1969 2214 2258 2277 nostram
2283 2231 2414 2273 uno

914 2317 1285 2402 eodemque
1302 2317 1453 2378 loco
1475 2313 1816 2395 conjunxit
1848 2314 1950 2395 ι>);
2002 2313 2272 2374 Caelesti
2287 2316 2417 2373 vir·

780 2454 801 2463 2
904 2423 1074 2500 qe‘m‘,
1126 2429 1191 2480 et
1239 2420 1696 2496 Berecynthiae
1741 2420 1938 2477 matri
1981 2419 2244 2478 deorum
2285 2435 2416 2477 om-

910 2542 1109 2583 mum.
1156 2518 1288 2582 Sed
1310 2530 1378 2582 et
1399 2518 1884 2593 Tertullianus,
1933 2536 2085 2578 cum
2122 2515 2287 2611 dixit
2318 2516 2415 2595 c),

910 2627 1022 2685 Aa
1063 2604 1302 2685 bestias
1345 2622 1765 2699 tmpellz‘mur.
1754 2620 1786 2663 ⁹
1846 2630 2014 2681 certe
2030 2661 2047 2693 ,
2109 2639 2274 2700 quas
2306 2621 2416 2680 Le·-

916 2727 1063 2787 bero
1084 2765 1102 2797 ,
1172 2732 1236 2784 et
1289 2725 1543 2802 Cybele,
1617 2731 1683 2783 σι
1725 2723 1993 2782 Coele-sti
2043 2721 2446 2798 applicatis,=

848 2856 873 2879 ο
911 2826 1143 2887 leones
1166 2821 1516 2899 intellexit,
1562 2842 1727 2907 quos
1756 2821 2005 2886 Bacchi
2041 2833 2109 2882 et
2129 2819 2415 2902 Cybeles

912 2924 1168 3012 jugales
1186 2925 1510 2989 novimus.
1554 2921 1659 2988 Ad
1689 2921 2142 3005 explicandam
2179 2943 2410 3006 aquam

808 3077 813 3081 .
915 3047 952 3087 e
989 3045 1154 3110 rupe
1176 3040 1670 3109 promanantem
1693 3006 2026 3108 duplicem
2061 3023 2248 3086 lubet
2267 3046 2418 3086 eru-

917 3125 1067 3187 ditis
1108 3144 1485 3209 proponere
1523 3126 1991 3208 conjecturam.
2070 3126 2202 3189 Aut
2235 3127 2412 3191 enim

917 3225 1099 3289 credi
1119 3240 1360 3310 potest,
1400 3229 1721 3292 Severum
1742 3247 1861 3287 suo
1882 3240 2146 3309 sumptu
2181 3247 2413 3311 aquam

923 3327 1386 3413 Carthaginem
1442 3328 1812 3401 derivasse,
1870 3341 1937 3389 et
1974 3327 2152 3391 istud
2206 3348 2413 3413 aquae

918 3428 1308 3512 impetratae
1349 3428 1744 3492 beneficium
1799 3428 1895 3493 sic
1947 3428 2152 3493 fuisse
2186 3430 2255 3493 in
2299 3452 2417 3493 nu·

915 3529 1040 3590 mis
1059 3528 1487 3613 inscriptione
1510 3531 2135 3599 INDVLGENTIA.
2151 3531 2415 3600 AVGG.

916 3631 1031 3694 IN.
1085 3630 1404 3694 CARTH.
1452 3633 1895 3708 celebratum,
1957 3647 2029 3696 ut
2084 3635 2244 3697 olim
2296 3640 2420 3700 Pa-

920 3714 1177 3794 trenses
1210 3731 1494 3798 Achaiae
1527 3732 1923 3799 beneficium
1965 3751 2269 3800 monetae
2301 3738 2420 3801 im·

921 3844 1220 3914 petratae
1254 3834 1721 3916 praedicabant
1742 3835 1811 3898 in
1830 3837 2045 3899 numis
2068 3881 2086 3913 ,
2130 3840 2415 3925 scripto:

918 3933 1608 4001 INDVLGENTIAE.
1633 3936 1837 4007 AVG.
1868 3939 2269 4005 MONETA.
2289 3945 2420 4006 ΙΜ-

920 4037 1366 4100 PETRATA.
1422 4041 1556 4104 Aut
1577 4084 1594 4118 ,
1659 4038 1837 4126 quod
1891 4056 2227 4125 praestare
2283 4043 2421 4107 exi·

922 4137 1141 4215 stimo,
1173 4138 1339 4203 haec
1369 4162 1575 4228 aquae
1605 4139 1854 4225 fluenta
1871 4143 1955 4207 ad
1986 4158 2212 4229 typum
2239 4145 2419 4230 prin·

926 4234 1140 4323 cipem
1208 4240 1372 4305 deae
1441 4244 1765 4318 coelestis
1821 4245 2177 4330 pertinent.
2261 4247 2419 4312 Fuit

925 4336 1129 4416 haec,
1184 4355 1357 4405 teste
1392 4345 1634 4409 iterum
1673 4346 2088 4411 Tertulliano
2119 4347 2221 4429 d),
2271 4354 2419 4432 plu·

1713 402 1799 475 1..
1902 393 2560 473 SEPTIMIVS
2664 397 3238 478 SEVERVS.

2532 589 2785 649 viarum
2806 587 3279 666 pollicitatrix,
3325 606 3483 670 quas
3516 583 3712 651 facile
3738 584 4029 649 indicant

2532 706 2737 771 aquae
2794 707 2877 750 ex
2920 706 3085 772 rupe
3118 684 3564 771 profluentes,
3611 706 3777 772 quae
3813 687 4032 751 coele·

2534 788 2742 851 stibus
2798 788 3038 873 pluviis
3091 788 3511 864 nutriuntur,
3587 810 3901 873 quorsum
3956 801 4054 851 et·

2531 889 2823 975 pertinet
2868 889 3157 965 fulmen,
3203 890 3382 975 quod
3419 891 3540 953 dea
3574 908 3770 952 manu
3812 889 4031 973 jactat,

2531 1014 2681 1054 nam
2719 991 2956 1059 eodem
3007 994 3073 1054 et
3107 992 3404 1076 Iuppiter
3431 991 3722 1055 Pluvius
3741 1004 4028 1055 armatus

2531 1107 2870 1177 comparet
2899 1094 2965 1156 in
2986 1115 3183 1159 numo
3205 1093 3458 1177 Ephesi
3478 1138 3496 1170 ,
3531 1113 3735 1178 quem
3760 1093 3911 1156 vide
3945 1086 4042 1171 es)

2532 1193 2696 1256 Cum
2748 1215 2830 1258 ex
2879 1193 3157 1258 laudatis
3187 1196 3454 1279 Apuleii
3491 1194 3713 1258 verbis
3747 1208 4026 1272 constet,

2530 1294 2700 1360 hanc
2784 1299 3159 1361 Coelestem
3235 1296 3510 1360 eandem
3586 1296 3791 1359 fuisse
3878 1312 4026 1358 cum

2530 1398 2816 1475 Iunone,
2865 1412 2934 1462 et
2969 1413 3226 1464 constet
3249 1413 3631 1483 praeterea,
3677 1397 3832 1460 huic
3856 1397 4046 1471 aeris,

2532 1500 2876 1563 arbitrium
2921 1499 3127 1563 fuisse
3162 1500 3598 1586 permissum,
3657 1499 3853 1563 facile
3885 1498 4026 1581 ejus

2532 1602 2697 1665 deae
2763 1620 2911 1666 cum
2979 1603 3220 1685 pluviis
3283 1622 3524 1665 nexum
3573 1594 4080 1685 intelligimus.‘

2531 1704 2790 1768 Placuit
2835 1704 2916 1767 ad
2969 1702 3426 1787 explicandum
3487 1717 3696 1767 totum
3747 1702 3876 1767 boc
3929 1725 4030 1766 ar·

2532 1819 2914 1892 gumentum
2954 1824 3115 1888 prae
3163 1806 3440 1871 testibus
3487 1806 3633 1869 aliis
3688 1823 4031 1883 arcessere

2528 1907 2920 1993 Apuleium,
2980 1906 3456 1992 Augustinum,
3522 1906 4026 1987 Tertullianum,

2529 2008 2709 2094 quod
2745 2008 2817 2069 hi
2857 2021 2995 2071 tres
3039 2008 3188 2071 Afri
3223 2009 3486 2073 natione
3539 2010 3768 2085 fuere,
3812 2006 4027 2094 iisque

2528 2110 2694 2173 adeo
2728 2109 3087 2174 domestica
3119 2108 3529 2189 haecssabula
3567 2111 3857 2175 omnium
3895 2131 4029 2174 ma·

2526 2214 2703 2276 xime
2764 2225 3114 2298 perspecta
3176 2232 3323 2277 esse
3388 2213 3642 2277 debuit.
3727 2212 4026 2277 Eandem

2530 2314 2696 2378 hanc
2751 2316 3159 2390 Coeleztem,
3222 2315 3343 2376 sed
3382 2316 3634 2394 Lunam
3681 2304 4024 2391 creditam,

2530 2414 2610 2477 ab
2647 2416 3009 2507 Elagabalo
3060 2416 3267 2479 fuisse
3300 2422 3578 2481 Romam
3627 2415 4038 2493 translatam,

2530 2515 2753 2602 ibique
2804 2518 2929 2581 deo
2962 2517 3325 2602 Elagabalo
3376 2517 3794 2595 matrimonio
3842 2515 4030 2601 junc-

2528 2631 2657 2680 tam
2683 2661 2702 2694 ,
2747 2617 2816 2680 in
2846 2619 3042 2702 hujus
3069 2633 3333 2683 moneta
3371 2619 3776 2684 docebimus.

2654 2722 2906 2784 Numos
2956 2721 3118 2800 bos,
3190 2721 3317 2784 etsi
3384 2723 3572 2786 nullo
3637 2719 4021 2786 charactere

2529 2819 3005 2907 chronologico
3062 2822 3392 2908 insignes,
3469 2821 3804 2909 praesenti
3853 2841 4026 2886 anno

2529 2921 2767 2999 adfixi,
2831 2923 2981 3008 quia
3025 2923 3096 2986 in
3158 2925 3374 2988 numia
3430 2925 3807 2991 caracallae
3856 2922 4029 3007 ejus-

2531 3024 2683 3087 dem
2713 3027 3085 3118 argumenti
3115 3027 3388 3110 insuper
3424 3027 3686 3091 additur
3721 3026 3873 3089 trib.
3907 3046 4028 3109 po·

2528 3139 2763 3204 testas,
2822 3129 2892 3189 in
2945 3129 3091 3192 aliis
3121 3129 3274 3209 Vl..
3317 3129 3400 3202 in,
3422 3129 3569 3193 aliis
3605 3131 3746 3200 vll.
3773 3171 3792 3204 ,
3854 3144 4043 3212 quae.

2530 3242 2628 3291 est
2657 3228 2853 3313 hujus
2880 3229 3222 3316 temporis.

3090 3459 3130 3498 Q
3256 3414 3298 3454 ε
3420 3459 3461 3500 ὓ

2878 3539 3125 3597 Eadem
3167 3540 3465 3600 adversa.
4028 3586 4050 3597 -

2534 3638 2676 3701 1111.
2741 3636 3350 3701 LIBERALITAS.
3406 3635 3677 3706 AVGG.
3767 3640 4028 3702 Ls’bera·

2534 3743 2690 3807 litas
2717 3752 2918 3804 stans.
2960 3740 3098 3802 AR.
3145 3743 3346 3822 (Mus,
3382 3742 3603 3820 Caes.)
3725 3733 3729 3737 <
4043 3806 4052 3813 ,

2661 3844 2767 3905 Ex
2813 3840 3031 3904 numia
3075 3841 3228 3904 anni
3266 3841 3725 3926 praecedentis
3778 3856 4054 3915 certam,

2533 3957 2833 4007 tenemus
2866 3943 3099 4009 Severi
3117 3942 3578 4021 liberalitatem
3597 3945 3707 4008 111.
3751 3946 3838 4008 At
3858 3942 4030 4009 diffi-

2534 4045 2726 4110 cilius
2773 4057 2875 4107 est
2934 4042 3147 4129 figere
3207 4061 3625 4131 praesentem
3654 4048 3797 4112 1111.
3821 4028 3834 4037 ’
3906 4046 4030 4111 Ta·

2533 4167 2687 4218 men
2740 4165 2824 4219 ex
2862 4167 3068 4210 numo
3115 4148 3490 4213 caracallae
3546 4169 3696 4223 cum
3743 4149 3869 4215 bac
3922 4169 4030 4212 ea·

2532 4249 2684 4315 dem
2733 4267 2964 4314 aversa
3003 4269 3142 4314 non
3181 4247 3604 4321 incommode
3638 4270 3809 4315 anno
3842 4270 4029 4335 prae-

2534 4349 2706 4415 senti
2739 4350 3036 4437 illigatur
3060 4366 3337 4438 propter
3356 4351 3575 4416 vultus
3609 4351 4028 4424 lineamenta,

917 4508 4001 4541 Μ

999 4594 1064 4664 a)
1104 4592 1499 4672 Metamorph.
1535 4595 1600 4655 L.
1636 4597 1743 4663 v1.
1830 4597 1899 4673 b)
1939 4599 2014 4672 de
2052 4599 2182 4665 Civ.
2223 4601 2326 4664 dei
2360 4603 2428 4665 L
2462 4601 2536 4667 11.
2576 4622 2628 4664 c.
2657 4612 2714 4666 4.
2808 4607 2870 4677 e)
2907 4604 3166 4682 Apolog.
3208 4618 3371 4668 c.10.
3447 4603 3517 4679 d>
3556 4603 3807 4685 Apolog
3850 4624 3899 4664 e.
3930 4616 4058 4669 23·

930 4683 992 4755 e)
1032 4679 1167 4743 Vol.
1201 4682 1273 4741 II.
1313 4704 1372 4762 p.
1402 4692 1529 4750 514.
