4475 5584
3177 292 3228 305 ‘'¹-

958 450 1047 522 τι,
1394 376 1403 385 ’
1662 425 1785 505 Μ
1861 414 2470 507 A‘vREles
2571 406 3406 530 ANTONINVSQ‘

894 612 899 618 ’
951 611 1165 678 numis
1200 614 1505 699 copiosis,
1540 634 1613 678 ac
1649 614 2105 679 marmoribus.
2164 616 2441 678 Factum

950 714 1125 778 istud
1163 710 1293 780 non
1331 711 1539 776 multo
1586 730 1776 799 post,
1839 738 2030 800 quam
2073 721 2444 780 Germanici

950 830 1191 879 nomen
1225 816 1304 877 ”in
1345 831 1595 900 partem
1634 818 1910 880 anticam
1949 821 2221 899 recepit.
2284 817 2444 878 Cer-

950 918 1016 981 te
1050 919 1117 979 in
1155 914 1384 980 eadem
1430 914 1581 979 trib.
1626 931 1950 1000 potestate
1994 916 2226 978 XXfX.
2279 916 2445 999 legi·

952 1010 1092 1081 {urz
1162 1020 1255 1107 M„
1307 1004 1838 1083 ANTONJNVS.
1898 1014 2097 1083 AVG.
2170 1020 2445 1079 GERM.

949 1134 1055 1182 et:
1124 1123 1247 1184 M.
1311 1118 1844 1184 ANTONINVS.
1903 1116 2104 1185 AVG.
2167 1117 2443 1182 GERM.

846 1224 853 1229 ’
954 1221 1215 1282 SARM.
1305 1220 1539 1301 Coepit
1594 1222 1757 1280 haec
1790 1239 1957 1279 anno
2006 1221 2088 1285 V.
2120 1222 2190 1282 C.
2253 1220 2441 1299 φᾶ,

950 1323 1025 1382 Ρ.
1076 1314 1159 1381 X.
1214 1323 1352 1400 ¹75·
1418 1322 1593 1388 Vsus
1638 1333 1737 1380 est
1779 1318 1880 1380 his
1926 1319 2132 1381 titulis
2175 1340 2298 1403 per
2345 1339 2445 1381 se-

953 1418 1161 1505 quens
1221 1418 1433 1484 adhuc
1494 1420 1861 1495 biennium,
1946 1419 2256 1502 deinceps
2317 1419 2442 1495 his,

954 1522 1388 1604 omnibusque
1439 1519 1584 1583 aliis
1634 1540 1840 1604 usque
1879 1519 1960 1583 ad
1993 1541 2334 1583 excessum
2375 1522 2445 1582 in

948 1635 1212 1684 moneta
1239 1619 1568 1683 abstinuit.
1613 1623 1892 1706 Legitur
1919 1616 2184 1706 quide'm
2229 1619 2443 1683 adhuc

947 1723 1015 1783 in
1052 1742 1251 1784 numo
1301 1743 1507 1784 aureo
1546 1722 1757 1783 musei
1806 1719 2111 1785 Caesarei
2151 1743 2300 1785 cum
2331 1721 2446 1783 tri·

951 1823 1200 1886 bunatu
1242 1822 1584 1900 xxxm„
1642 1824 1754 1907 qui
1793 1822 2099 1886 currebat
2149 1841 2297 1884 cum
2335 1842 2446 1883 an-

948 1944 1035 1986 no
1086 1926 1169 1991 V.
1218 1926 1290 1988 C.
1338 1922 1483 2003 932.
1583 1926 1835 1989 Verum
1883 1923 2008 1985 etsi
2047 1923 2103 1983 is
2150 1931 2445 1985 vetustus

951 2020 1220 2087 omnino
1302 2023 1636 2096 videatur,
1716 2045 1863 2086 cum
1912 2020 2446 2085 tamen'differat
2511 2060 2522 2071 ·

948 2125 1239 2201 fabrica,
1298 2139 1367 2187 et
1421 2125 1750 2210 probitate
1801 2125 1979 2201 auri,
2040 2121 2304 2185 videtur
2364 2141 2446 2182 ex

884 2226 891 2233 ⁴
947 2226 1412 2290 adulteratoris
1444 2226 1712 2289 'veteris
1772 2222 2035 2287 officina
2076 2222 2444 2308 prodivisse

952 2327 1334 2412 compositis
1375 2327 1545 2390 male
1575 2326 1746 2389 binis
1788 2323 2205 2399 matricibus,
2251 2336 2444 2407 atque

890 2422 903 2438 ”
950 2427 1311 2491 universim
1382 2448 1515 2490 non
1588 2447 1734 2489 esse
1796 2428 1851 2488 is
1874 2440 1909 2501 ‚‘
1976 2425 2090 2510 qui
2177 2424 2453 2509 reliquis

950 2529 1211 2614 agnitae
1267 2528 1555 2593 sanitatis
1586 2525 2092 2590 reclamantibus
2134 2526 2448 2588 resistere

949 2651 1116 2692 unus
1148 2629 1375 2715 possit.

1548 2850 1825 2910 PIVS.

1076 3037 1152 3095 In
1196 3033 1327 3097 hoc
1366 3051 1605 3094 nomen
1651 3032 1923 3094 Aurelio
1967 3048 2090 3115 per
2143 3027 2439 3112 adoptio-

951 3157 1105 3200 nem
1141 3133 1454 3196 Antonini
1485 3132 1587 3194 Pii
1617 3130 1721 3214 jus
1755 3131 2019 3216 quidem
2061 3130 2222 3204 fuit,
2280 3150 2444 3192 nun·

951 3257 1144 3319 quam
1178 3249 1401 3297 tamen
1434 3231 1603 3296 illud
1634 3234 1698 3294 in
1735 3232 1875 3313 ejus
1911 3232 2043 3292 vivi
2063 3250 2445 3292 monumen-

954 3338 1037 3395 tis
1068 3336 1352 3417 legitur,
1410 3349 1479 3397 at
1525 3335 1593 3396 in
1638 3333 1784 3416 ejus
1819 3331 2189 3395 consecrati
2230 3330 2444 3392 numia

951 3437 1244 3499 occurrit
1299 3448 1711 3510 constanter,
1767 3448 1840 3496 ut
1880 3432 2159 3494 vidimus
2181 3475 2199 3506 ‚
2267 3429 2444 3493 forte

954 3536 1263 3621 quoniam
1301 3535 1430 3618 jam
1461 3549 1650 3597 antea
1681 3554 1957 3597 uxorem
1991 3552 2253 3616 quoque
2271 3552 2443 3594 mor·

956 3655 1128 3700 tuam
1159 3637 1375 3699 PIAM
1406 3634 1726 3723 appellari
1767 3633 2015 3710 voluit,
2059 3646 2132 3695 ut
2167 3632 2336 3694 infra
2376 3634 2441 3694 in

953 3739 1168 3802 numia
1182 3738 1389 3800 Divae
1408 3735 1755 3803 Faustinae
1775 3732 2178 3797 docebimus.
2224 3735 2438 3795 Etiam

964 3836 1252 3904 Severus
1300 3858 1370 3900 se
1414 3850 1605 3902 vocat
1632 3835 1841 3903 DIVI.
1879 3839 1969 3899 M.
2001 3837 2135 3897 ΡΠ.
2184 3837 2445 3896 Filium.

928 3940 1122 4007 'Vide
1170 3939 1363 4019 hujus
1406 3958 1638 4000 numos
1682 3936 1764 4001 ad
1798 3958 2035 3999 annum
2071 3939 2150 3998 V.
2184 3936 2256 3996 C.
2297 3937 2443 4015 9108.

953 4045 1195 4129 Parum
1229 4040 1434 4124 igitur
1450 4058 1770 4123 prospere
1789 4038 2075 4100 adseruit
2090 4038 2332 4120 Pagina
2365 4039 2447 4116 ·):

951 4142 1403 4208 M.Aurelium
1438 4141 1680 4225 passim
1727 4138 1917 4201 Pium
1962 4139 2165 4201 fuisse
2198 4159 2445 4200 nuncu-

950 4256 1212 4329 patum,
1261 4256 1456 4325 atque
1489 4241 1663 4304 istud
1681 4240 1899 4302 multis
1942 4240 2098 4304 vit-is
2143 4238 2446 4300 eruditis-

956 4344 1139 4407 simis
1194 4363 1326 4406 non
1381 4339 1585 4405 fuisse
1647 4342 2083 4405 observatum.
2160 4341 2443 4407 Vnicum

1072 4680 1137 4745 a)
1180 4672 1323 4731 Crit.
1358 4674 1570 4733 Baton.
1604 4673 1683 4729 ad
1707 4692 1839 4730 ann.
1868 4672 2010 4733 Chr.
2050 4678 2173 4737 162.
2220 4680 2254 4745 ξ
2287 4686 2338 4738 3.

2404 4682 2428 4699 *
2489 4666 2747 4749 hXMus.
2783 4672 2999 4733 Veron.
3041 4690 3099 4749 p.
3135 4679 3260 4736 458.
3294 4687 3343 4736 7.

2557 614 2721 676 mihi
2798 635 3006 698 usque
3071 613 3268 676 modo
3316 612 3694 697 exemplum
3757 612 4067 675 occurrit
4119 692 4138 701 ο

2557 735 2634 776 ex
2651 735 2978 776 marmore
2993 714 3304 799 Africano
3317 710 3381 796 b)
3406 737 3421 778 ε
3451 715 3653 778 PRO.
3678 715 4062 780 SALVTE.

2557 818 2732 877 IMP.
2783 820 2872 877 M.
2909 814 3359 879 ANTONINI.
3403 812 3599 880 AVG.
3639 816 3776 878 Pu,
3813 818 4060 887 LIBE-

2556 917 3087 1011 RonvaVE.
3117 919 3339 995 mys,
3384 916 3511 978 nic
3548 920 3644 978 M.
3676 900 4057 978 Antoninus

2563 1010 2739 1077 alius⁸
2763 1037 2909 1078 esse
2938 1038 3068 1079 non
3087 1032 3302 1101 potest
3350 1008 3434 1078 ab
3468 1016 3740 1080 Aurelio
3776 1030 4002 1080 nostro
4031 1038 4052 1091 ς

2560 1140 2709 1180 nam
2742 1121 2854 1203 qui
2902 1117 3131 1183 eadem
3183 1120 3443 1183 nomina
3478 1116 3809 1193 tulerunt,
3857 1119 4060 1179 Cara·

2560 1220 2725 1282 calla
2748 1222 2824 1282 et'
2840 1222 3258 1305 Elagabalus,
3289 1219 3517 1282 liberis
3543 1237 3842 1282 caruere.
3877 1219 4062 1279 Fue-

2556 1339 2633 1380 re
2651 1314 3239 1399 nomina'quaedam
3265 1318 3645 1397 honorifica,
3681 1340 3846 1404 quae
3876 1319 4060 1404 apud

2557 1422 2889 1483 Romanos
2937 1425 3198 1485 nonnisi
3255 1439 3405 1507 post
3457 1442 3799 1491 excessum
3849 1420 4059 1483 tribui

2559 1535 2710 1583 sunt
2788 1523 3016 1599 solita,
3086 1538 3229 1598 aut,
3310 1537 3380 1586 ut
3456 1523 3711 1607 planius
3790 1522 4052 1605 loquar,

2559 1619 2748 1684 fuere
2787 1617 3090 1687 decretal
3140 1626 3395 1686 Drusus
3442 1626 3664 1686 senior
3689 1639 3838 1707 post
3877 1644 4059 1685 mor-

2558 1724 2691 1786 te'm
2729 1729 3148 1788 Germanicus
3189 1724 3321 1787 dici
3361 1725 3601 1808 coepit.
3642 1725 4056 1787 caracallam

2559 1825 2683 1885 soli
2721 1827 3232 1889 consecrationis
3261 1827 3441 1888 numi
3478 1830 3782 1907 Maynum
3829 1827 4056 1909 appel-

2559 1925 2734 2002 lant,
2778 1926 2999 1989 vivum
3043 1949 3395 2011 nunquam.

2963 2167 3632 2228 IMPERATOR.

2687 2364 2871 2447 Capti
2907 2363 3101 2446 hujus
3132 2384 3214 2426 ex
3242 2365 3535 2430 victoriis
3569 2363 3740 2427 tituli
3767 2387 4053 2452 sequens

2561 2465 2668 2528 lex
2699 2485 2738 2526 e
2777 2467 3212 2527 monumentis
3238 2511 3272 2542 ,,
3298 2486 3373 2527 ae
3422 2468 3635 2528 numia
3670 2469 4054 2554 praecipue,

2561 2566 2886 2628 statuitur.

2561 2686 2584 2693 ⁶
2687 2687 2864 2749 lMP.
2919 2686 2999 2746 11.
3069 2684 3349 2767 Legitur
3405 2684 3582 2749 istud
3639 2686 3923 2770 primum
3980 2690 4057 2752 in

2562 2787 2703 2870 ejus
2749 2785 3365 2863 tribunatu.XV11.‚
3412 2788 3523 2871 qui
3554 2791 3860 2853 currebat
3898 2812 4058 2853 cum

2554 2908 2722 2951 anno
2767 2888 2849 2953 V.
2896 2889 2970 2952 C.
3016 2886 3177 2967 (μθ,
3242 2900 3310 2950 et
3362 2886 3635 2953 accessit
3681 2890 3790 2955 hic
3838 2892 4058 2954 honos

2553 3009 2676 3075 per
2706 2987 3037 3051 subactam
3083 3010 3119 3051 a
3158 2991 3428 3057 L.Vero
3451 2991 3846 3056 Armeniam.
3911 2995 4060 3054 Me-

2555 3089 2743 3152 minit
2803 3089 2997 3173 hujus
3059 3089 3234 3152 tituli
3294 3092 3698 3176 Capitolinus
3762 3112 4051 3178 quoque,

2557 3191 2812 3255 scilicet
2838 3193 3180 3259 L.Verum
3227 3192 3408 3255 bello
3462 3213 3608 3254 cum
3641 3194 3898 3256 Parthis
3926 3212 4059 3277 per

2556 3291 2812 3376 legatos
2865 3305 3053 3377 gesto
3126 3291 3373 3356 dictum
3435 3293 3638 3358 fuisse
3698 3294 4058 3379 imperato·

2559 3390 2700 3456 rem
2734 3394 2814 3475 ο).

2686 3515 2860 3574 ῙΜΡ.
2902 3516 3008 3577 111.
3052 3514 3365 3579 Aurelius
3393 3514 3461 3578 in
3513 3513 3730 3577 numia
3767 3513 4057 3577 tribuna-

2558 3628 2662 3676 tus
2680 3615 2855 3676 xlx.
2878 3659 2896 3689 ‚
2942 3615 3053 3700 qui
3084 3616 3291 3678 currit
3325 3636 3471 3679 cum
3505 3636 3674 3678 anno
3706 3618 3788 3682 V.
3809 3615 4054 3699 (2918,

2556 3715 2796 3778 dieitur
2824 3719 3000 3780 IMP.
3023 3718 3104 3779 11.
3142 3730 3210 3779 et
3236 3718 3346 3777 111.
3407 3720 3590 3801 Ergo
3643 3715 3891 3779 fluente
3921 3716 4056 3780 hoe
4137 3725 4152 3741 “

2557 3838 2725 3879 anno
2758 3817 3017 3880 iteravit
3066 3818 3242 3881 hunc
3275 3818 3620 3881 honorem.
3681 3820 3887 3880 Causa
3929 3816 4052 3879 ite·

2555 3940 2704 3980 rum
2740 3916 3021 4002 petenda
3056 3938 3140 3980 ex
3170 3919 3370 3982 lauris
3406 3919 3751 3983 Parthicis.

2687 4039 3003 4105 mniv.
3049 4041 3245 4101 Parte
3292 4038 3515 4123 priore
3560 4038 3713 4102 trib.
3759 4052 4043 4123 potesta·

2558 4140 2642 4205 tis
2672 4141 2815 4204 XX.
2837 4183 2855 4213 ‚
2900 4159 3065 4223 quae
3084 4139 3209 4201 fuit
3240 4140 3389 4202 anui
3421 4139 3502 4203 V.
3523 4139 3596 4203 C.
3635 4158 3798 4220 quq,
3837 4138 4052 4201 dictus

2561 4254 2662 4302 est
2704 4238 2918 4303 adime
2967 4242 3141 4302 lMP.
3188 4243 3301 4304 111.
3330 4284 3346 4315 ,
3392 4251 3455 4302 at
3500 4238 3849 4324 deinceps,
3894 4261 4044 4303 cum

2560 4340 2844 4424 primum
2875 4340 3103 4403 titulos
3131 4344 3417 4407 Parthica·
3448 4345 3762 4418 Maximi,
3807 4355 3876 4404 et
3919 4346 4056 4404 Me-

3492 4675 3552 4745 c)
3591 4672 3651 4727 in
3685 4672 3884 4729 Aurei.
3915 4696 3969 4730 c.
4004 4684 4058 4736 8.
