4475 5584
1519 423 2356 504 TREBONIANVS.

379 611 1279 681 MONETA.AVGG.:1*ree
1308 614 1604 675 Monetae
1632 621 1875 674 stantes

376 737 520 780 cum
551 718 802 778 bilance
830 717 1129 795 afnyulae
1165 724 1231 776 et
1258 733 1713 790 comitantiae,
1751 734 1873 792 pro

317 879 326 885 ,
378 820 781 899 sinqulamm
816 819 1089 897 pedibus
1131 836 1351 879 massa
1395 816 1661 878 metalli.
1735 814 1873 875 AR.

377 928 469 984 m.
505 938 592 982 m.
627 919 828 999 (Mus.
867 915 1088 999 Caes.)

663 1025 748 1084 Vt
777 1023 874 1083 lit.
905 1024 980 1082 B.

321 1160 330 1173 ι
377 1121 781 1189 ΡΒῘΝΟῙΡῙ.
812 1119 1373 1189 IVVENTVTIS.
1413 1119 1479 1182 S.
1519 1119 1590 1182 C.
1637 1121 1873 1180 Mulier

376 1229 603 1288 sedens
631 1228 694 1288 d.
725 1243 991 1288 ramum.
1036 1222 1176 1285 ΑΕ.
1218 1222 1299 1283 11.
1333 1219 1709 1302 (Banduri.)
1841 1206 1848 1215 ¹

505 1325 707 1389 Credi
739 1338 962 1412 posset
998 1324 1161 1386 haec
1198 1341 1426 1387 aversa
1462 1342 1543 1384 ex
1573 1320 1882 1389 Volusia-

376 1426 444 1489 ni
490 1441 753 1490 moneta
795 1446 919 1511 per
961 1424 1265 1508 injuriam
1310 1423 1441 1488 huc
1486 1422 1748 1497 adacta,
1819 1419 1877 1483 si

378 1528 448 1590 in
484 1528 609 1593 hac
661 1528 959 1591 'mulieris
1006 1526 1294 1588 sedentis
1343 1537 1535 1609 typus
1584 1544 1733 1587 cum
1770 1542 1875 1585 ea·

383 1632 531 1695 dem
564 1622 928 1714 epigraphe
949 1640 1354 1691 occurreret.
1401 1625 1533 1689 Sed
1560 1624 1690 1708 jam
1716 1622 1912 1685 alias

382 1730 896 1807 observavimus,
939 1729 1253 1810 Augustis
1272 1746 1535 1814 quoque
1569 1744 1700 1786 non
1720 1741 1875 1785 raro

380 1833 700 1919 principis
751 1830 1112 1917 juventutis
1170 1828 1435 1894 titulum
1508 1826 1715 1893 fuisse
1768 1822 1880 1889 ad·

379 1926 654 2019 'iectum.

1118 2029 1160 2071 0

1284 2073 1323 2115 ἦ

954 2076 995 2117 0

668 2141 752 2217 Vt
805 2139 859 2200 12·
861 2146 904 2200 t.
964 2138 1026 2197 C.
1115 2139 1410 2198 Protome
1466 2133 1767 2196 laureata
1815 2129 1879 2188 d.

663 2248 979 2318 sceptrum
1017 2258 1159 2300 cum
1191 2236 1437 2320 aquila.

389 2343 788 2410 SAECVLI.
819 2339 1226 2403 FELICITA
1238 2338 1307 2400 S.
1369 2340 1658 2414 Quotam·
1679 2333 1885 2409 puelle·

388 2456 631 2509 stantes
671 2463 815 2507 eum
859 2444 1187 2503 attributis
1235 2440 1502 2501 totidem'
1539 2438 1701 2497 anni
1735 2444 1889 2495 tem·

378 2558 661 2629 pestates
688 2542 1196 2626 &aequantibus
1254 2530 1396 2605 ΑΕ.
1429 2556 1516 2599 m.
1552 2557 1640 2599 m.
1685 2538 1886 2618 (Mus.

390 2646 683 2727 Albani.)

517 2751 812 2832 Elegans
869 2759 1100 2832 typus,
1167 2740 1295 2807 etsi
1355 2739 1483 2825 jam
1547 2757 1633 2801 ex
1672 2733 1889 2800 numis

398 2850 717 2937 cognitus.
1412 2829 1427 2846 ⁶

684 2956 770 3015 Vt
808 2954 906 3014 lit.
939 2954 1023 3013 A·

395 3054 888 3124 SAECVLVM.
907 3047 1251 3118 NOVVM.
1296 3049 1615 3127 Templum
1649 3062 1767 3107 εστ
1782 3061 1890 3104 σο·

394 3158 792 3229 lamnarum,
839 3158 1014 3215 intra
1041 3156 1217 3236 quod
1247 3152 1491 3211 idolum
1511 3151 1772 3219 sedem,
1816 3146 1889 3207 in

393 3259 522 3320 imo
545 3277 777 3333 unum,
823 3258 930 3318 vel
954 3260 1116 3328 duo,
1159 3255 1267 3314 vel
1298 3252 1428 3311 tria
1452 3258 1733 3327 puncta,

389 3361 660 3440 qlobulz'.
703 3358 842 3420 AR.
876 3359 1076 3436 (Mus.
1112 3352 1333 3433 Caes.)

523 3462 707 3523 Haec
748 3477 975 3521 aversa
1011 3456 1203 3520 obvia
1246 3453 1314 3514 in
1348 3449 1564 3514 numis
1594 3447 1888 3532 Philippi

1775 3266 1918 3309 seu-

3327 443 3468 521 ³61

1990 613 2366 698 complures
2421 616 2781 695 habentur,
2844 617 3003 683 item
3046 620 3486 686 Alexandrini

1919 792 1926 811 ι
1992 733 2140 776 cum
2177 715 2270 802 A.
2316 712 2399 781 B.
2431 710 2552 799 Γ.,
2592 719 2675 783 de
2718 719 2954 805 quibus
2994 723 3287 787 numeris
3329 744 3487 811 age,-

1992 829 2101 878 tur
2141 817 2480 885 continuo.
2570 894 2583 899 ,

2043 1038 2141 1100 De
2176 1041 2322 1101 trib.
2348 1045 2671 1121 potestate
2688 1086 2705 1116 ‚
2750 1052 2815 1105 et
2845 1045 3132 1109 terminis
3167 1050 3424 1129 imperii

2532 1142 2938 1207 steboniam‘.

2029 1404 2040 1409 Ἰ
2122 1329 2613 1397 Trebonianum
2645 1343 2929 1393 exeunte
2962 1330 3108 1395 fere
3124 1335 3489 1403 Novembri

1989 1436 2073 1505 V.
2117 1436 2195 1500 C.
2249 1440 2410 1506 ¹004
2465 1429 2713 1514 dictum
2769 1433 3136 1517 Augustum
3181 1436 3486 1500 vidimus.

1995 1535 2193 1633 Quod
2223 1535 2308 1598 ad
2345 1533 2487 1618 ejus
2520 1532 2785 1621 imperii
2813 1531 3013 1596 finem
3043 1535 3295 1615 attinet,
3322 1539 3491 1604 haec

1991 1635 2333 1698 Zosimus.
2396 1635 2631 1698 Gothis
2676 1637 3049 1717 provincias
3103 1639 3274 1701 Istio
3321 1638 3491 1703 adsi·

1990 1751 2088 1805 tas
2130 1736 2399 1819 impune
2442 1734 2841 1797 vastantibus
2884 1737 3320 1801 Aemilianum
3384 1759 3495 1802 ex-

1993 1836 2231 1902 ercitui
2289 1834 2668 1897 Pannonico
2725 1836 3135 1920 praefectum
3195 1838 3494 1902 barbaris

1992 1939 2256 2006 obviam
2289 1935 2695 2020 processisse
2715 1981 2734 2014 ‚
2778 1958 3025 2024 eosque
3046 1939 3342 2003 victoriis
3362 1940 3494 2004 fra-

1994 2055 2137 2106 ctos
2183 2052 2257 2101 ut
2302 2057 2385 2100 ex
2444 2037 2707 2121 imperii
2760 2035 2999 2101 finibus
3061 2038 3488 2123 excederent,

1997 2140 2320 2227 coegisse.
2392 2142 2556 2200 Tam
2599 2139 2979 2221 praeclarae
3011 2141 3273 2204 virtutis
3301 2164 3498 2206 causa

1996 2243 2078 2334 ab
2112 2240 2413 2309 exercitu
2439 2240 2805 2324 Augustum
2839 2240 3187 2305 adversum
3220 2244 3495 2327 ignavos

1997 2341 2333 2428 principes
2364 2341 2731 2404 salutatum.
2797 2343 2947 2439 Quo
2984 2344 3205 2408 audito
3244 2344 3500 2409 Trebo-

2000 2445 2267 2507 nianum
2304 2443 2664 2526 imperasse
2684 2443 3063 2521 Valeriano,
3099 2458 3169 2507 ut
3189 2443 3498 2530 perduel-

2001 2546 2137 2609 lem
2176 2543 2421 2608 coactis
2439 2544 2693 2607 Galliae
2728 2557 2793 2606 et
2812 2545 3201 2609 Germaniae
3221 2546 3501 2630 legioni-

2000 2646 2127 2710 bus
2155 2645 2238 2708 ad
2276 2645 2661 2729 obsequium
2693 2659 3063 2708 revocaret.
3107 2646 3192 2708 At
3223 2666 3501 2732 praeve-

2002 2747 2181 2811 nisse
2202 2746 2637 2810 Aemilianum
2660 2790 2679 2823 ‚
2725 2761 2790 2809 et
2816 2748 3043 2811 Italiae
3078 2767 3224 2810 cum
3256 2768 3499 2833 magno

2003 2849 2305 2912 exercitu
2340 2847 2627 2911 infusum
2661 2847 2751 2910 ita
2782 2848 3222 2933 perterruisse
3247 2850 3502 2913 Trebo-

2000 2950 2180 3014 niani
2222 2948 2503 3027 milites,
2568 2962 2642 3012 ut
2695 2963 2939 3012 mutata
2997 2947 3130 3012 fide
3175 2950 3326 3013 eum'
3368 2972 3501 3016 una

2004 3072 2154 3116 cum
2198 3048 2342 3113 filio
2384 3048 2552 3135 apud
2615 3052 3050 3112 Interamnam
3095 3051 3501 3130 occiderent,

2004 3171 2207 3239 seque
2275 3172 2402 3215 nna
2457 3172 2606 3214 cum
2667 3166 2897 3241 senat?
2936 3153 3287 3216 Aemiliani
3331 3153 3503 3217 arbi-

2003 3254 2132 3317 trio
2175 3253 2659 3337 permitterent.
2744 3256 2831 3316 At
2873 3254 3210 3321 Valeriani
3253 3256 3499 3321 milites

2002 3356 2273 3440 indigne
2350 3353 2681 3431 ferentes,
2759 3373 2912 3416 eum
2972 3354 3341 3474 imperare,
3418 3360 3503 3422 ad

2002 3476 2234 3543 quem
2237 3456 2420 3520 bello
2451 3455 2985 3541 persequendum
3011 3450 3496 3536 missifuerant‚

397 3560 669 3647 ejusque
701 3558 1022 3634 familiae,
1068 3555 1186 3619 sed
1220 3544 1369 3618 eum
1421 3551 1490 3612 in
1532 3551 1635 3613 his
1676 3550 1891 3613 absint
1995 3557 2427 3629 Valerianum
2493 3579 2682 3623 mum
2757 3580 3048 3644 purpura
3121 3538 3499 3639 indueru'nt

398 3663 653 3749 globuli
674 3659 976 3744 subjecti,
1020 3673 1089 3723 et
1116 3657 1311 3722 etiam
1349 3652 1526 3717 idem
1557 3666 1749 3739 typus
1781 3672 1893 3714 ex·

398 3777 529 3827 stet
561 3763 628 3826 in
665 3775 926 3826 moneta
956 3759 1355 3825 Etruscillse
1383 3755 1576 3821 Decii
1597 3800 1614 3833 ,
1660 3768 1727 3818 et
1756 3754 1894 3816 110·

383 3863 641 3928 ‘stiliani
658 3908 676 3940 ,
708 3864 995 3927 demitur
1020 3860 1304 3945 suspicio
1324 3869 1731 3943 permutatae
1761 3876 1894 3921 ma·

397 3966 616 4044 tricis,
661 3985 852 4052 quam
888 3962 1188 4028 obtendit
1219 3959 1462 4045 Pagius
1494 3962 1573 4038 ⁸).

648 4187 849 4252 Ναυῆ
883 4185 1223 4250 commatis
1254 4172 1612 4264 peregrim·-⁸

523 4371 719 4438 Numi
733 4374 986 4437 urbium
1002 4371 1370 4446 liberarum,
1404 4378 1473 4430 et
1491 4367 1890 4430 coloniarum

471 4682 534 4757 a)
572 4679 721 4742 Crit.
759 4678 973 4767 Baton.
1014 4674 1094 4737 ad
1131 4695 1264 4735 ann.
1304 4674 1415 4736 Ch.
1455 4683 1584 4739 253.

596 4778 780 4860 (1⁷01.
829 4773 1022 4874 71].)ι
1063 4821 1071 4830 .

2006 3660 2121 3745 qui
2156 3660 2407 3722 Italiam
2461 3680 2608 3723 cum
2655 3659 2953 3723 exercitu
2986 3658 3323 3747 ingressus
3368 3685 3506 3729 eas-

2008 3759 2162 3823 dem
2201 3761 2385 3824 vices
2427 3761 2735 3846 rependit
2795 3760 3208 3840 Aemiliano,
3267 3786 3416 3830 cum
3463 3790 3500 3832 a

2008 3862 2143 3925 suis
2199 3861 2407 3946 ipsius
2473 3861 2791 3925 militibus
2850 3856 3015 3923 belli
3074 3854 3506 3932 incer-tanne..

2007 3962 2346 4039 tuentibus
2381 3962 2821 4027 occideretur.
2879 3965 3066 4027 Hanc
3093 3985 3324 4029 necem
3350 3987 3504 4052 perf

2004 4070 2213 4127 actam
2258 4062 2432 4148 apud
2498 4063 2843 4149 spoletum
2904 4063 3114 4128 refert
3155 4068 3390 4136 Victor
3432 4069 3504 4132 in

2006 4162 2323 4249 epitome.
2414 4164 2549 4228 Sed
2577 4165 2813 4234 Victor
2853 4163 3039 4245 prior
3070 4169 3505 4237 Aemilianum

2005 4265 2245 4333 morbo
2289 4266 2685 4331 exstinctum
2728 4265 3010 4343 adserit,
3073 4289 3148 4332 ac
3192 4284 3418 4354 postea
3463 4296 3501 4338 a

2007 4366 2325 4431 militibus
2369 4366 2544 4454 apud
2589 4367 2899 4431 Rhaetias
2940 4367 3026 4434 ob
3077 4370 3322 4436 instans
3363 4373 3507 4438 bel-

2971 4782 3096 4845 Zz
