4475 5584
907 483 1004 568 46
1132 444 1137 454 ’
1610 458 1706 555 M.
1817 479 2426 558 Avnssmvs
2527 477 3282 589 ΑΝΤοΝΙΝῑζε.

912 665 1233 742 racallae‚
1279 666 1401 728 etsi
1429 666 1558 750 jam
1603 667 1919 751 Augusti,
1964 667 2243 753 legitur:
2283 669 2400 737 lv-

913 768 1230 833 VEN'I'A.
1279 769 1637 832 IMPERII.

1634 956 1673 995 a..

1470 1001 1508 1040 ᾖ

1192 1060 1439 1120 Eadem
1487 1063 1778 1123 adversa.

911 1157 1250 1221 PIETAS.
1287 1158 1484 1224 AVG.
1524 1164 1951 1223 Instrumenta
1972 1162 2394 1242 pontificalia.

910 1259 1052 1321 AR.
1085 1260 1223 1320 ΑΕ.
1257 1263 1308 1324 1.
1351 1264 1430 1323 11.
1475 1262 1749 1325 Obvius.

1034 1365 1219 1427 Haec
1279 1383 1508 1426 aversa
1583 1384 1753 1427 nunc
1814 1364 2093 1446 primum
2159 1363 2225 1423 in
2283 1384 2401 1424 nu·

910 1464 1035 1526 mis
1111 1464 1369 1527 Aurelii
1443 1463 1776 1540 Caesaris,
1876 1478 1940 1527 at
2014 1464 2402 1548 frequenter

909 1565 1219 1651 deinceps
1278 1565 1346 1627 in
1419 1565 1636 1628 numis
1696 1565 2045 1627 Caesarum
2107 1564 2400 1629 nondum

902 1670 1351 1751 Augustorum
1397 1679 1624 1751 typum
1670 1665 1849 1730 facit.
1909 1667 2072 1751 Ejus
2117 1665 2397 1728 instituti

908 1768 1076 1831 ratio
1140 1768 1293 1831 inde
1356 1768 1437 1832 ab
1480 1771 1775 1852 Augusto
1820 1767 2212 1850 repetenda,
2285 1767 2399 1851 qui

1801 1001 1839 1040 ᾖ

905 1865 1225 1950 adoptatis
1261 1870 1418 1933 Caio
1463 1884 1530 1932 et
1566 1869 1814 1946 Lucio,
1869 1870 2187 1954 novisque
2236 1869 2397 1932 Cae·

902 1968 1177 2045 mribus,
1214 1972 1391 2033 varia
1424 1971 1789 2034 sacerdotia
1809 1971 2140 2048 decrevit3
2187 1989 2394 2055 quare

900 2085 968 2134 et
1017 2072 1083 2133 in
1121 2090 1271 2134 area
1303 2090 1651 2134 numerum
1686 2075 1826 2145 ,AV-
1879 2086 1944 2134 et
1984 2073 2122 2135 AR.
2155 2071 2397 2132 utrius-

906 2193 1034 2256 que
1059 2173 1298 2235 honori
1334 2173 1803 2250 dedicatorum,
1846 2174 1916 2235 in
1949 2173 2182 2257 quibus
2218 2187 2394 2236 stans

903 2288 1182 2358 uterque
1244 2275 1672 2358 proponitur,
1749 2275 2105 2339 adhaerent
2166 2275 2394 2350 lituus,

905 2390 973 2440 et
1021 2376 1433 2461 simpuvium.
1512 2377 1693 2439 Idem
1745 2377 2108 2440 institutum
2157 2373 2223 2437 in
2267 2377 2395 2439 Ne·

900 2498 1066 2543 rone
1137 2498 1397 2564 quoque
1448 2478 1687 2554 valuit,
1766 2479 1876 2562 qui
1950 2477 2290 2561 adoptatus
2351 2497 2392 2537 a

903 2579 1209 2659 Claudio,
1255 2579 1479 2664 paullo
1523 2594 1673 2663 post
1715 2584 2019 2671 sacerdos·
2059 2588 2392 2658 cooptatus

899 2693 1000 2749 cst
1030 2686 1101 2745 ἐπ
1135 2686 1353 2747 omnia
1383 2685 1677 2763 conleqia
1710 2704 1906 2761 snpra
1947 2701 2273 2745 numerum
2307 2700 2393 2742 ez·

899 2785 971 2849 S.
992 2786 1051 2845 C.
1070 2828 1087 2859 ‚
1123 2798 1400 2869 suntque
1420 2783 1853 2846 instrumenta
1880 2780 2277 2869 pontificalia
2299 2794 2392 2861 ty·

895 2905 1020 2967 pus
1038 2906 1382 2947 numorum
1402 2884 1497 2949 sic
1512 2884 1999 2969 inscriptorum.
2040 2886 2142 2946 Ex
2160 2883 2391 2947 eadem
2445 2906 2458 2913 ·

897 2986 1051 3070 lege
1069 2987 1412 3050 Aurelium
1450 2998 1516 3050 et
1530 2991 1864 3055 Caesarem
1896 2991 2153 3061 dictum,
2197 2989 2392 3062 etja-

898 3090 1078 3150 home
1131 3078 1357 3151 senatu
1407 3094 1479 3150 in
1522 3093 1799 3172 colleyia
1851 3092 2251 3152 sacerdotum
2297 3106 2393 3148 re-

896 3201 1141 3269 ceptum
1212 3191 1413 3253 tradit
1468 3190 1910 3275 Capitolinus,
1955 3210 2269 3275 quorsum
2321 3198 2394 3249 et

901 3304 1151 3374 spectat
1178 3305 1369 3375 typus
1403 3308 1750 3358 numorum
1782 3291 2248 3375 praesentium.
2371 3278 2380 3286 ’

931 3396 937 3409 “
1020 3392 1218 3454 Numi
1277 3391 1364 3454 ad
1429 3394 1603 3455 hunc
1648 3413 1885 3457 annum
1941 3391 2256 3476 descripti
2307 3389 2389 3454 ad

900 3493 1270 3581 proximum
1309 3494 1507 3560 etiam
1541 3492 1890 3561 triennium
1916 3494 2271 3582 pertinent.

1241 3689 1315 3746 V.
1367 3686 1428 3743 c.
1475 3644 1634 3748 ¹897.-
1662 3686 1735 3748 Ρ.
1784 3650 1868 3747 Χ.
1915 3692 2055 3748 ma,

1174 3788 1533 3885 οΑΕεΑιζ.
1582 3789 1762 3850 cos,
1813 3789 2003 3850 DES.
2047 3789 2139 3849 11.

1019 3942 1167 4025 Ipse
1199 3941 1265 4001 in
1295 3962 1534 4020 annum
1570 3955 1955 4025 sequentum
1996 3944 2224 4004 consul
2256 3944 2338 4007 11.
2361 3988 2377 4019 ,

893 4057 1081 4128 pater
1107 4044 1472 4106 Antoninus
1516 4043 1744 4108 consul
1780 4044 1889 4125 ΠΤ.
1936 4041 2378 4128 designantur.

1174 4230 1636 4299 AVRELIVS.
1727 4228 2087 4293 CAESAR.
2176 4230 2380 4295 AVG.

1171 4330 1310 4394 1²11.
1354 4334 1429 4394 F.
1468 4336 1693 4411 -Caput
1733 4334 1990 4394 nudum.
2036 4360 2045 4365 ·

895 4429 1084 4495 COS.
1122 4433 1318 4495 DES.
1360 4435 1442 4498 11.
1517 4438 1629 4497 Vir
1673 4444 1932 4514 togatus
1974 4443 2155 4495 stans
2186 4438 2248 4498 d.
2283 4422 2410 4498 ras

892 4536 1180 4609 nmmss.
1212 4539 1653 4615 cornucopiae.
1694 4535 1831 4598 AR.
1869 4536 2071 4613 (Mus.
2092 4534 2310 4617 Caes.)

1018 4637 1242 4719 Typus
1276 4635 1544 4698 exhibet
1572 4641 1893 4699 Honorem
1915 4680 1931 4711 ‚
1977 4633 2058 4697 de
2093 4656 2232 4720 ‘quo
2284 4656 2388 4699 su-

810 4757 816 4763 ·
894 4759 1033 4827 pra.
1091 4738 1241 4821 Huc
1262 4751 1511 4826 spectat
1532 4758 1773 4803 aeneus
1809 4739 1858 4801 Ι.
1897 4737 2149 4803 formae
2177 4738 2385 4802 musei

2516 669 2819 732 Caesarei
2836 690 2985 734 cum
3016 669 3250 733 eodem
3274 682 3449 753 typo,
3482 682 3549 732 et
3578 666 4004 752 inscriptione

2475 770 2822 851 hybrida:
2878 773 3275 849 DESNOS,
3357 770 3702 833 monetarii
3764 770 4002 832 incurii

2514 872 2675 934 vitio
2711 886 3025 957 concepta
3049 918 3066 949 ,
3113 873 3221 957 qui
3271 893 3420 935 cum
3456 873 3751 956 scalpere
3787 872 3999 933 inten-
4090 919 4101 926 .

2517 972 2705 1036 deret
2749 975 2946 1037 DES.
2991 975 3113 1050 11.‚
3173 973 3383 1036 finivit
3432 988 3631 1057 prave
3693 973 3759 1035 in
3798 972 3998 1048 NOS,

2512 1094 2678 1158 quae
2715 1089 2863 1137 sunt
2892 1088 3263 1159 postremae
3296 1074 3529 1137 literae
3559 1099 3631 1135 w
3665 1073 4002 1140 BONOS.

2511 1177 2614 1236 Ex
2645 1195 2774 1258 quo
2816 1189 3118 1260 apparet,
3163 1199 3399 1239 annum
3437 1191 3848 1260 praesentem
3899 1176 4002 1238 lu-

2512 1276 2642 1339 xati
2672 1277 2864 1362 hujus
2897 1279 3079 1341 numi
3112 1272 3392 1341 natale'm
3430 1296 3596 1341 esse.

2853 1504 2926 1561 V.
2978 1502 3038 1561 C.
3086 1507 3234 1562 898.
3277 1500 3347 1560 Ρ.
3395 1501 3477 1560 Χ.
3527 1506 3667 1566 145.

2905 1602 3265 1664 CAESAR.
3312 1602 3486 1663 coS.
3533 1601 3622 1663 II.

2511 1801 2591 1864 A.
2791 1802 3259 1873 AVRELIVS.
3333 1802 3706 1867 CAESAR.
3793 1798 3989 1869 AVG.

2790 1904 2931 1967 ΡΠ.
2964 1906 3039 1967 F.
3061 1905 3253 1970 COS.
3271 1907 3354 1969 11.
3383 1908 3608 1983 ,Caput
3635 1908 3898 1967 nudum.

2510 2006 2587 2068 B.
2788 2006 3249 2074 AVRELIVS.
3342 2004 3702 2069 CAESAR.
3795 2003 3987 2070 AVG.
4077 2044 4094 2051 -

2789 2109 2928 2170 1’11.
2973 2108 3048 2168 F.
3110 2110 3312 2188 Caput
3343 2114 3605 2172 nudum.

2511 2210 2583 2273 0.
2786 2206 3555 2277 ΑῩΒΕΙᾸἾΘΜΟΑΕδ.
3618 2208 3817 2278 AVG.
3855 2206 3994 2271 ΡΠ.

2794 2310 2871 2374 F.
2922 2315 3124 2392 Caput
3145 2316 3402 2376 nudum.

3071 2539 3110 2577 a:
3236 2497 3273 2535 ⁸
3401 2541 3437 2579 u

2798 2601 2881 2659 ΓΙ
2922 2601 3016 2685 lit.
3059 2601 3132 2659 B.

2508 2696 2697 2760 COS.
2737 2699 2817 2761 11.
2880 2702 3049 2779 typis
3090 2702 3417 2773 Palladis,
3479 2702 3792 2774 Honoris,
3836 2698 3994 2779 Spei

2508 2811 2624 2863 etc.
2666 2799 2807 2865 AV.
2855 2801 2994 2863 AR.
3041 2800 3239 2879 (Mus.
3293 2802 3582 2880 Caesar.)

2799 2905 2884 2962 Vt
2907 2905 3018 2964 Iit.
3050 2907 3132 2965 A.

2506 3002 2981 3070 IVVENTVS.
3028 3004 3096 3067 S.
3142 3005 3211 3066 C.
3258 3007 3431 3065 intra
3475 3025 3788 3070 coronam.
3852 3007 3989 3068 ΑΕ.

2510 3107 2589 3167 11.
2636 3105 2843 3186 (MuS.
2887 3106 3103 3185 Caes.)
3139 3132 3148 3137 ·

2629 3206 3153 3292 Explicationem
3175 3226 3442 3271 aversae
3477 3204 3629 3269 vide
3656 3204 3732 3271 ad
3752 3228 3990 3271 annum

2502 3312 2583 3380 V.
2629 3311 2700 3374 C.
2746 3309 2891 3390 893.

2788 3418 2873 3474 rt
2914 3415 3011 3475 lte.
3047 3417 3129 3473 A.
3359 3482 3368 3493 ,

2508 3514 2573 3574 S.
2621 3513 2693 3577 0.
2721 3522 2728 3531 “
2771 3518 2857 3576 Μ.
2887 3516 3191 3576 Aurelius
3225 3516 3294 3575 in
3327 3515 3517 3575 lentis
3551 3517 3885 3598 quadr-{qis
3925 3519 3990 3575 el.

2504 3620 2848 3695 scipionem
2868 3636 3010 3678 cum
3023 3617 3268 3696 aquila.
3316 3615 3453 3675 ΑΕ.
3474 3617 3522 3678 Ι.
3554 3617 3753 3695 (Mus.
3773 3616 3993 3696 CaeS.)
4025 3644 4032 3649 >

2631 3716 2961 3782 Iudicatur
3020 3716 3146 3777 hoc
3202 3728 3358 3799 typo
3409 3719 3498 3780 Μ.
3544 3716 3798 3778 Aurelii
3839 3739 3993 3800 pro-

2503 3836 2725 3882 cessus
2757 3817 3138 3881 consularis.

2629 3988 2642 3999 ,
2796 3923 2880 3980 rt
2917 3922 3014 3981 lit.
3057 3922 3124 3983 c.

2493 4021 2843 4090 vln'rVS.
2873 4021 3060 4085 COS.
3078 4000 3164 4084 11'.
3207 4025 3450 4103 Fe'yura
3478 4024 3785 4084 militaris
3810 4034 3993 4084 stam

2494 4129 2559 4187 d.
2591 4127 2860 4197 kastam.
2898 4145 2948 4186 s.
2970 4127 3419 4200 parazonmm,
3455 4144 3505 4184 s.
3533 4127 3698 4201 pede
3723 4127 3984 4203 qaleam

2496 4229 2726 4289 calcat.
2770 4226 2907 4287 AR.
2938 4224 3074 4286 AE.
3114 4224 3195 4286 11.
3229 4225 3435 4305 (Mus.
3468 4225 3687 4307 Caes.)

2628 4325 3001 4409 Iungendus
3047 4348 3283 4391 numus
3324 4332 3484 4388 cum*
3519 4327 3731 4391 altero
3762 4326 3994 4393 inscri-

2500 4443 2645 4515 pto:
2709 4428 3051 4503 BONOS,
3110 4446 3305 4511 quem
3365 4428 3680 4511 proposui
3743 4427 3825 4493 ad
3883 4451 3994 4492 an-

2501 4553 2656 4595 num
2696 4529 2781 4597 V.
2818 4532 2888 4593 C.
2924 4528 3075 4612 893.

2605 4710 2610 4715 ,
2794 4636 2877 4717 Vt
2913 4635 3009 4694 lit.
3043 4636 3127 4703 A.

2502 4733 2773 4802 VOTA.
2809 4733 3202 4804 PVBLICA.
3258 4737 3567 4798 Aurelius
3594 4744 3658 4796 et
3673 4737 3989 4799 Faustina
