<?xml version="1.0" encoding="UTF-8"?>
<!DOCTYPE html PUBLIC "-//W3C//DTD XHTML 1.0 Transitional//EN"
    "http://www.w3.org/TR/xhtml1/DTD/xhtml1-transitional.dtd">
<html xmlns="http://www.w3.org/1999/xhtml" xml:lang="en" lang="en">
 <head>
  <title>
</title>
<meta http-equiv="Content-Type" content="text/html;charset=utf-8" />
  <meta name='ocr-system' content='tesseract 3.04.00' />
  <meta name='ocr-capabilities' content='ocr_page ocr_carea ocr_par ocr_line ocrx_word'/>
</head>
<body>
  <div class='ocr_page' id='page_1' title='image "./doctrinanumorum09unkngoog_0295.png"; bbox 0 0 4475 5584; ppageno 0'>
   <div class='ocr_carea' id='block_1_1' title="bbox 1169 439 2555 524">
    <p class='ocr_par' dir='ltr' id='par_1_1' title="bbox 1169 439 2555 524">
     <span class='ocr_line' id='line_1_1' title="bbox 1169 439 2555 524; baseline -0.001 -5"><span class='ocrx_word' id='word_1_1' title='bbox 1169 441 1920 524; x_wconf 85' lang='lat' dir='ltr'><strong>ALEXANDER</strong></span> <span class='ocrx_word' id='word_1_2' title='bbox 1986 439 2555 520; x_wconf 87' lang='lat' dir='ltr'>SEVERVS.</span> 
     </span>
    </p>
   </div>
   <div class='ocr_carea' id='block_1_2' title="bbox 322 629 1829 3647">
    <p class='ocr_par' dir='ltr' id='par_1_2' title="bbox 326 629 1823 1326">
     <span class='ocr_line' id='line_1_2' title="bbox 326 629 1823 712; baseline -0.001 -15"><span class='ocrx_word' id='word_1_3' title='bbox 326 629 689 697; x_wconf 76' lang='lat' dir='ltr'><strong>Alexandri</strong></span> <span class='ocrx_word' id='word_1_4' title='bbox 715 642 905 694; x_wconf 86' lang='lat' dir='ltr'><strong>natus</strong></span> <span class='ocrx_word' id='word_1_5' title='bbox 941 640 1119 694; x_wconf 85' lang='lat' dir='ltr'><strong>esset</strong></span> <span class='ocrx_word' id='word_1_6' title='bbox 1151 629 1230 712; x_wconf 72' lang='lat'><strong>⁸).</strong></span> <span class='ocrx_word' id='word_1_7' title='bbox 1272 630 1691 696; x_wconf 84' lang='lat' dir='ltr'><strong>Probabilius</strong></span> <span class='ocrx_word' id='word_1_8' title='bbox 1729 631 1823 698; x_wconf 78' lang='lat' dir='ltr'><strong>vi-</strong></span> 
     </span>
     <span class='ocr_line' id='line_1_3' title="bbox 330 730 1823 820; baseline 0 -23"><span class='ocrx_word' id='word_1_9' title='bbox 330 734 561 810; x_wconf 82' lang='lat' dir='ltr'><strong>detur,</strong></span> <span class='ocrx_word' id='word_1_10' title='bbox 605 731 784 818; x_wconf 84' lang='lat' dir='ltr'><strong>quod</strong></span> <span class='ocrx_word' id='word_1_11' title='bbox 824 746 1049 796; x_wconf 86' lang='lat' dir='ltr'><strong>narrat</strong></span> <span class='ocrx_word' id='word_1_12' title='bbox 1095 730 1514 797; x_wconf 83' lang='lat' dir='ltr'><strong>Herodianus</strong></span> <span class='ocrx_word' id='word_1_13' title='bbox 1545 730 1647 816; x_wconf 79' lang='lat' dir='ltr'><strong>b),</strong></span> <span class='ocrx_word' id='word_1_14' title='bbox 1688 734 1823 820; x_wconf 79' lang='lat' dir='ltr'><strong>pri-</strong></span> 
     </span>
     <span class='ocr_line' id='line_1_4' title="bbox 328 830 1818 920; baseline -0.001 -21"><span class='ocrx_word' id='word_1_15' title='bbox 328 854 631 901; x_wconf 74' lang='lat' dir='ltr'><strong>maevum</strong></span> <span class='ocrx_word' id='word_1_16' title='bbox 662 833 764 896; x_wconf 88' lang='lat' dir='ltr'><strong>illi</strong></span> <span class='ocrx_word' id='word_1_17' title='bbox 787 851 1028 896; x_wconf 82' lang='lat' dir='ltr'><strong>nomen</strong></span> <span class='ocrx_word' id='word_1_18' title='bbox 1059 830 1266 895; x_wconf 86' lang='lat' dir='ltr'><strong>fuisse</strong></span> <span class='ocrx_word' id='word_1_19' title='bbox 1295 837 1641 911; x_wconf 72' lang='lat' dir='ltr'><strong>Aleoet‘am‘,</strong></span> <span class='ocrx_word' id='word_1_20' title='bbox 1687 855 1818 920; x_wconf 85' lang='lat' dir='ltr'><strong>quo</strong></span> 
     </span>
     <span class='ocr_line' id='line_1_5' title="bbox 327 931 1820 1016; baseline -0.001 -14"><span class='ocrx_word' id='word_1_21' title='bbox 327 939 594 1002; x_wconf 83' lang='lat' dir='ltr'><strong>nomine</strong></span> <span class='ocrx_word' id='word_1_22' title='bbox 635 931 761 1000; x_wconf 73' lang='lat' dir='ltr'><strong>fuit</strong></span> <span class='ocrx_word' id='word_1_23' title='bbox 813 956 1013 1010; x_wconf 82' lang='lat' dir='ltr'><strong>avus,</strong></span> <span class='ocrx_word' id='word_1_24' title='bbox 1061 932 1310 998; x_wconf 83' lang='lat' dir='ltr'><strong>dictum</strong></span> <span class='ocrx_word' id='word_1_25' title='bbox 1358 936 1637 1016; x_wconf 81' lang='lat' dir='ltr'><strong>subinde</strong></span> <span class='ocrx_word' id='word_1_26' title='bbox 1668 941 1820 1000; x_wconf 81' lang='lat' dir='ltr'><strong>Ale·</strong></span> 
     </span>
     <span class='ocr_line' id='line_1_6' title="bbox 329 1034 1819 1115; baseline -0.002 -11"><span class='ocrx_word' id='word_1_27' title='bbox 329 1036 683 1115; x_wconf 63' lang='lat' dir='ltr'><strong>arabim,</strong></span> <span class='ocrx_word' id='word_1_28' title='bbox 728 1051 799 1099; x_wconf 91' lang='lat' dir='ltr'><strong>ut</strong></span> <span class='ocrx_word' id='word_1_29' title='bbox 834 1037 1080 1100; x_wconf 85' lang='lat' dir='ltr'><strong>certius</strong></span> <span class='ocrx_word' id='word_1_30' title='bbox 1108 1034 1463 1100; x_wconf 83' lang='lat' dir='ltr'><strong>haberetur</strong></span> <span class='ocrx_word' id='word_1_31' title='bbox 1490 1035 1667 1100; x_wconf 87' lang='lat' dir='ltr'><strong>filius</strong></span> <span class='ocrx_word' id='word_1_32' title='bbox 1701 1039 1819 1101; x_wconf 85' lang='lat' dir='ltr'><strong>Ca·</strong></span> 
     </span>
     <span class='ocr_line' id='line_1_7' title="bbox 327 1133 1817 1226; baseline -0.002 -23"><span class='ocrx_word' id='word_1_33' title='bbox 327 1142 652 1215; x_wconf 85' lang='lat' dir='ltr'><strong>racallae,</strong></span> <span class='ocrx_word' id='word_1_34' title='bbox 696 1139 810 1226; x_wconf 86' lang='lat' dir='ltr'><strong>qui</strong></span> <span class='ocrx_word' id='word_1_35' title='bbox 865 1133 1227 1201; x_wconf 78' lang='lat' dir='ltr'><strong>Alexandri</strong></span> <span class='ocrx_word' id='word_1_36' title='bbox 1273 1140 1363 1212; x_wconf 73' lang='lat' dir='ltr'><strong>M,</strong></span> <span class='ocrx_word' id='word_1_37' title='bbox 1412 1137 1541 1208; x_wconf 86' lang='lat' dir='ltr'><strong>sibi</strong></span> <span class='ocrx_word' id='word_1_38' title='bbox 1574 1157 1817 1202; x_wconf 87' lang='lat' dir='ltr'><strong>nomen</strong></span> 
     </span>
     <span class='ocr_line' id='line_1_8' title="bbox 328 1242 591 1326; baseline -0.011 -18"><span class='ocrx_word' id='word_1_39' title='bbox 328 1242 591 1326; x_wconf 84' lang='lat' dir='ltr'><strong>adjecit.</strong></span> 
     </span>
    </p>

    <p class='ocr_par' dir='ltr' id='par_1_3' title="bbox 328 1338 1817 1529">
     <span class='ocr_line' id='line_1_9' title="bbox 457 1338 1817 1407; baseline -0.003 0"><span class='ocrx_word' id='word_1_40' title='bbox 457 1346 547 1407; x_wconf 78' lang='lat' dir='ltr'><strong>M.</strong></span> <span class='ocrx_word' id='word_1_41' title='bbox 581 1344 909 1405; x_wconf 68' lang='lat' dir='ltr'><strong>Aurelius.</strong></span> <span class='ocrx_word' id='word_1_42' title='bbox 953 1341 1137 1405; x_wconf 84' lang='lat' dir='ltr'><strong>Haec</strong></span> <span class='ocrx_word' id='word_1_43' title='bbox 1175 1340 1438 1403; x_wconf 84' lang='lat' dir='ltr'><strong>nomina</strong></span> <span class='ocrx_word' id='word_1_44' title='bbox 1489 1338 1688 1402; x_wconf 85' lang='lat' dir='ltr'><strong>traxit</strong></span> <span class='ocrx_word' id='word_1_45' title='bbox 1737 1339 1817 1403; x_wconf 84' lang='lat' dir='ltr'><strong>ab</strong></span> 
     </span>
     <span class='ocr_line' id='line_1_10' title="bbox 328 1442 1460 1529; baseline -0.004 -19"><span class='ocrx_word' id='word_1_46' title='bbox 328 1443 677 1529; x_wconf 83' lang='lat' dir='ltr'><strong>adoptante</strong></span> <span class='ocrx_word' id='word_1_47' title='bbox 710 1442 1073 1525; x_wconf 83' lang='lat' dir='ltr'><strong>Elagabalo</strong></span> <span class='ocrx_word' id='word_1_48' title='bbox 1093 1485 1111 1517; x_wconf 96' lang='lat'><strong>,</strong></span> <span class='ocrx_word' id='word_1_49' title='bbox 1158 1455 1229 1505; x_wconf 91' lang='lat' dir='ltr'><strong>ut</strong></span> <span class='ocrx_word' id='word_1_50' title='bbox 1257 1455 1460 1527; x_wconf 87' lang='lat' dir='ltr'><strong>patet.</strong></span> 
     </span>
    </p>

    <p class='ocr_par' dir='ltr' id='par_1_4' title="bbox 322 1541 1829 3647">
     <span class='ocr_line' id='line_1_11' title="bbox 462 1541 1821 1629; baseline -0.002 -21"><span class='ocrx_word' id='word_1_51' title='bbox 462 1547 760 1608; x_wconf 71' lang='lat' dir='ltr'><strong>Severus.</strong></span> <span class='ocrx_word' id='word_1_52' title='bbox 806 1545 991 1606; x_wconf 89' lang='lat' dir='ltr'><strong>Binis</strong></span> <span class='ocrx_word' id='word_1_53' title='bbox 1027 1543 1194 1607; x_wconf 89' lang='lat' dir='ltr'><strong>locis</strong></span> <span class='ocrx_word' id='word_1_54' title='bbox 1239 1541 1484 1606; x_wconf 77' lang='lat' dir='ltr'><strong>adserit</strong></span> <span class='ocrx_word' id='word_1_55' title='bbox 1522 1542 1821 1629; x_wconf 85' lang='lat' dir='ltr'><strong>Lampri-</strong></span> 
     </span>
     <span class='ocr_line' id='line_1_12' title="bbox 326 1644 1823 1725; baseline -0.002 -16"><span class='ocrx_word' id='word_1_56' title='bbox 326 1646 479 1710; x_wconf 83' lang='lat' dir='ltr'><strong>dius</strong></span> <span class='ocrx_word' id='word_1_57' title='bbox 510 1644 566 1725; x_wconf 76' lang='grc' dir='ltr'><strong>ο)</strong></span> <span class='ocrx_word' id='word_1_58' title='bbox 593 1688 613 1721; x_wconf 85' lang='grc'>,</span> <span class='ocrx_word' id='word_1_59' title='bbox 662 1644 896 1707; x_wconf 73' lang='lat' dir='ltr'><strong>Severi</strong></span> <span class='ocrx_word' id='word_1_60' title='bbox 937 1663 1180 1707; x_wconf 87' lang='lat' dir='ltr'><strong>nomen</strong></span> <span class='ocrx_word' id='word_1_61' title='bbox 1222 1644 1596 1708; x_wconf 83' lang='lat' dir='ltr'><strong>Alexandro</strong></span> <span class='ocrx_word' id='word_1_62' title='bbox 1635 1668 1671 1708; x_wconf 88' lang='lat' dir='ltr'><strong>a</strong></span> <span class='ocrx_word' id='word_1_63' title='bbox 1703 1644 1823 1707; x_wconf 90' lang='lat' dir='ltr'><strong>mi-</strong></span> 
     </span>
     <span class='ocr_line' id='line_1_13' title="bbox 327 1743 1822 1830; baseline -0.002 -20"><span class='ocrx_word' id='word_1_64' title='bbox 327 1746 558 1811; x_wconf 79' lang='lat' dir='ltr'><strong>litibus</strong></span> <span class='ocrx_word' id='word_1_65' title='bbox 588 1744 806 1809; x_wconf 85' lang='lat' dir='ltr'><strong>datum</strong></span> <span class='ocrx_word' id='word_1_66' title='bbox 857 1745 941 1807; x_wconf 89' lang='lat' dir='ltr'><strong>ob</strong></span> <span class='ocrx_word' id='word_1_67' title='bbox 975 1746 1307 1829; x_wconf 80' lang='lat' dir='ltr'><strong>ingentem</strong></span> <span class='ocrx_word' id='word_1_68' title='bbox 1354 1747 1651 1830; x_wconf 82' lang='lat' dir='ltr'><strong>vigorem</strong></span> <span class='ocrx_word' id='word_1_69' title='bbox 1686 1743 1822 1808; x_wconf 86' lang='lat' dir='ltr'><strong>ani-</strong></span> 
     </span>
     <span class='ocr_line' id='line_1_14' title="bbox 331 1845 1829 1912; baseline -0.005 -1"><span class='ocrx_word' id='word_1_70' title='bbox 331 1848 424 1911; x_wconf 83' lang='lat' dir='ltr'><strong>mi</strong></span> <span class='ocrx_word' id='word_1_71' title='bbox 462 1860 689 1912; x_wconf 85' lang='lat' dir='ltr'><strong>contra</strong></span> <span class='ocrx_word' id='word_1_72' title='bbox 720 1845 1002 1908; x_wconf 84' lang='lat' dir='ltr'><strong>militum</strong></span> <span class='ocrx_word' id='word_1_73' title='bbox 1039 1846 1473 1910; x_wconf 74' lang='lat' dir='ltr'><strong>insolentiam.</strong></span> <span class='ocrx_word' id='word_1_74' title='bbox 1519 1846 1699 1910; x_wconf 81' lang='lat' dir='ltr'><strong>Istud</strong></span> <span class='ocrx_word' id='word_1_75' title='bbox 1732 1846 1829 1909; x_wconf 51' lang='lat' dir='ltr'><strong>ine</strong></span> 
     </span>
     <span class='ocr_line' id='line_1_15' title="bbox 328 1946 1827 2032; baseline 0.001 -22"><span class='ocrx_word' id='word_1_76' title='bbox 328 1949 610 2032; x_wconf 79' lang='lat' dir='ltr'><strong>signiter</strong></span> <span class='ocrx_word' id='word_1_77' title='bbox 663 1946 924 2011; x_wconf 83' lang='lat' dir='ltr'><strong>falsum.</strong></span> <span class='ocrx_word' id='word_1_78' title='bbox 1009 1948 1140 2009; x_wconf 83' lang='lat' dir='ltr'><strong>lam</strong></span> <span class='ocrx_word' id='word_1_79' title='bbox 1193 1948 1367 2010; x_wconf 89' lang='lat' dir='ltr'><strong>enim</strong></span> <span class='ocrx_word' id='word_1_80' title='bbox 1417 1947 1616 2032; x_wconf 87' lang='lat' dir='ltr'><strong>primi</strong></span> <span class='ocrx_word' id='word_1_81' title='bbox 1671 1948 1827 2012; x_wconf 83' lang='lat' dir='ltr'><strong>Ale·</strong></span> 
     </span>
     <span class='ocr_line' id='line_1_16' title="bbox 331 2047 1825 2134; baseline -0.001 -21"><span class='ocrx_word' id='word_1_82' title='bbox 331 2047 565 2113; x_wconf 80' lang='lat' dir='ltr'><strong>xandri</strong></span> <span class='ocrx_word' id='word_1_83' title='bbox 599 2047 878 2131; x_wconf 84' lang='lat' dir='ltr'><strong>Augusti</strong></span> <span class='ocrx_word' id='word_1_84' title='bbox 915 2048 1111 2134; x_wconf 43' lang='lat' dir='ltr'><strong>numi·</strong></span> <span class='ocrx_word' id='word_1_85' title='bbox 1129 2049 1364 2112; x_wconf 79' lang='lat' dir='ltr'><strong>Severi</strong></span> <span class='ocrx_word' id='word_1_86' title='bbox 1392 2070 1634 2112; x_wconf 80' lang='lat' dir='ltr'><strong>nomen</strong></span> <span class='ocrx_word' id='word_1_87' title='bbox 1672 2069 1825 2113; x_wconf 90' lang='lat' dir='ltr'><strong>con-</strong></span> 
     </span>
     <span class='ocr_line' id='line_1_17' title="bbox 330 2147 1821 2235; baseline -0.002 -20"><span class='ocrx_word' id='word_1_88' title='bbox 330 2165 580 2215; x_wconf 84' lang='lat' dir='ltr'><strong>stanter</strong></span> <span class='ocrx_word' id='word_1_89' title='bbox 649 2147 938 2226; x_wconf 82' lang='lat' dir='ltr'><strong>addunt,</strong></span> <span class='ocrx_word' id='word_1_90' title='bbox 1013 2170 1145 2234; x_wconf 88' lang='lat' dir='ltr'><strong>quo</strong></span> <span class='ocrx_word' id='word_1_91' title='bbox 1206 2164 1507 2235; x_wconf 86' lang='lat' dir='ltr'><strong>tempore</strong></span> <span class='ocrx_word' id='word_1_92' title='bbox 1563 2151 1821 2215; x_wconf 87' lang='lat' dir='ltr'><strong>nullum</strong></span> 
     </span>
     <span class='ocr_line' id='line_1_18' title="bbox 328 2250 1822 2337; baseline 0.002 -24"><span class='ocrx_word' id='word_1_93' title='bbox 328 2251 543 2314; x_wconf 84' lang='lat' dir='ltr'><strong>adbuc</strong></span> <span class='ocrx_word' id='word_1_94' title='bbox 581 2250 949 2317; x_wconf 80' lang='lat' dir='ltr'><strong>severitatis</strong></span> <span class='ocrx_word' id='word_1_95' title='bbox 986 2250 1450 2316; x_wconf 79' lang='lat' dir='ltr'><strong>documentum</strong></span> <span class='ocrx_word' id='word_1_96' title='bbox 1483 2265 1822 2337; x_wconf 83' lang='lat' dir='ltr'><strong>praestare</strong></span> 
     </span>
     <span class='ocr_line' id='line_1_19' title="bbox 327 2351 1817 2437; baseline -0.001 -21"><span class='ocrx_word' id='word_1_97' title='bbox 327 2353 561 2436; x_wconf 83' lang='lat' dir='ltr'><strong>potuit.</strong></span> <span class='ocrx_word' id='word_1_98' title='bbox 633 2356 737 2415; x_wconf 82' lang='lat' dir='ltr'><strong>Ex</strong></span> <span class='ocrx_word' id='word_1_99' title='bbox 791 2373 922 2437; x_wconf 89' lang='lat' dir='ltr'><strong>quo</strong></span> <span class='ocrx_word' id='word_1_100' title='bbox 971 2351 1325 2430; x_wconf 81' lang='lat' dir='ltr'><strong>docemur,</strong></span> <span class='ocrx_word' id='word_1_101' title='bbox 1370 2352 1817 2416; x_wconf 80' lang='lat' dir='ltr'><strong>Alexandrum</strong></span> 
     </span>
     <span class='ocr_line' id='line_1_20' title="bbox 326 2451 1819 2537; baseline -0.001 -22"><span class='ocrx_word' id='word_1_102' title='bbox 326 2474 457 2516; x_wconf 84' lang='lat' dir='ltr'><strong>una</strong></span> <span class='ocrx_word' id='word_1_103' title='bbox 507 2474 654 2517; x_wconf 87' lang='lat' dir='ltr'><strong>cum</strong></span> <span class='ocrx_word' id='word_1_104' title='bbox 706 2453 984 2537; x_wconf 79' lang='lat' dir='ltr'><strong>Augusti</strong></span> <span class='ocrx_word' id='word_1_105' title='bbox 1045 2453 1238 2517; x_wconf 87' lang='lat' dir='ltr'><strong>titulo</strong></span> <span class='ocrx_word' id='word_1_106' title='bbox 1294 2451 1527 2516; x_wconf 61' lang='lat' dir='ltr'><strong>Severi</strong></span> <span class='ocrx_word' id='word_1_107' title='bbox 1578 2472 1819 2516; x_wconf 85' lang='lat' dir='ltr'><strong>nomen</strong></span> 
     </span>
     <span class='ocr_line' id='line_1_21' title="bbox 331 2550 1818 2639; baseline -0.001 -22"><span class='ocrx_word' id='word_1_108' title='bbox 331 2550 699 2638; x_wconf 83' lang='lat' dir='ltr'><strong>adoptasse.</strong></span> <span class='ocrx_word' id='word_1_109' title='bbox 743 2555 908 2636; x_wconf 90' lang='lat' dir='ltr'><strong>Ejus</strong></span> <span class='ocrx_word' id='word_1_110' title='bbox 945 2574 1137 2618; x_wconf 86' lang='lat' dir='ltr'><strong>causa</strong></span> <span class='ocrx_word' id='word_1_111' title='bbox 1178 2552 1246 2615; x_wconf 90' lang='lat' dir='ltr'><strong>in</strong></span> <span class='ocrx_word' id='word_1_112' title='bbox 1278 2566 1609 2639; x_wconf 86' lang='lat' dir='ltr'><strong>promptu.</strong></span> <span class='ocrx_word' id='word_1_113' title='bbox 1652 2557 1818 2616; x_wconf 89' lang='lat' dir='ltr'><strong>Nam</strong></span> 
     </span>
     <span class='ocr_line' id='line_1_22' title="bbox 328 2652 1824 2732; baseline -0.002 -14"><span class='ocrx_word' id='word_1_114' title='bbox 328 2673 523 2730; x_wconf 85' lang='lat' dir='ltr'><strong>oum,</strong></span> <span class='ocrx_word' id='word_1_115' title='bbox 585 2667 658 2718; x_wconf 86' lang='lat' dir='ltr'><strong>ut</strong></span> <span class='ocrx_word' id='word_1_116' title='bbox 710 2653 898 2719; x_wconf 89' lang='lat' dir='ltr'><strong>initio</strong></span> <span class='ocrx_word' id='word_1_117' title='bbox 967 2656 1248 2732; x_wconf 87' lang='lat' dir='ltr'><strong>dictum,</strong></span> <span class='ocrx_word' id='word_1_118' title='bbox 1312 2656 1684 2718; x_wconf 79' lang='lat' dir='ltr'><strong>caracallae</strong></span> <span class='ocrx_word' id='word_1_119' title='bbox 1749 2652 1824 2715; x_wconf 78' lang='lat' dir='ltr'><strong>fi-</strong></span> 
     </span>
     <span class='ocr_line' id='line_1_23' title="bbox 326 2754 1821 2840; baseline -0.001 -21"><span class='ocrx_word' id='word_1_120' title='bbox 326 2757 458 2820; x_wconf 89' lang='lat' dir='ltr'><strong>lius</strong></span> <span class='ocrx_word' id='word_1_121' title='bbox 511 2754 743 2819; x_wconf 84' lang='lat' dir='ltr'><strong>baberi</strong></span> <span class='ocrx_word' id='word_1_122' title='bbox 785 2756 1111 2834; x_wconf 74' lang='lat' dir='ltr'><strong>voluerit,</strong></span> <span class='ocrx_word' id='word_1_123' title='bbox 1159 2777 1241 2819; x_wconf 87' lang='lat' dir='ltr'><strong>eo</strong></span> <span class='ocrx_word' id='word_1_124' title='bbox 1269 2754 1417 2840; x_wconf 85' lang='lat' dir='ltr'><strong>jure</strong></span> <span class='ocrx_word' id='word_1_125' title='bbox 1445 2754 1677 2819; x_wconf 86' lang='lat' dir='ltr'><strong>Severi</strong></span> <span class='ocrx_word' id='word_1_126' title='bbox 1708 2773 1821 2818; x_wconf 88' lang='lat' dir='ltr'><strong>ne·</strong></span> 
     </span>
     <span class='ocr_line' id='line_1_24' title="bbox 330 2856 1820 2942; baseline 0 -22"><span class='ocrx_word' id='word_1_127' title='bbox 330 2877 455 2942; x_wconf 87' lang='lat' dir='ltr'><strong>pos</strong></span> <span class='ocrx_word' id='word_1_128' title='bbox 502 2858 878 2926; x_wconf 83' lang='lat' dir='ltr'><strong>necessario</strong></span> <span class='ocrx_word' id='word_1_129' title='bbox 929 2856 1074 2920; x_wconf 84' lang='lat' dir='ltr'><strong>fuit.</strong></span> <span class='ocrx_word' id='word_1_130' title='bbox 1156 2858 1367 2942; x_wconf 78' lang='lat' dir='ltr'><strong>Igitur</strong></span> <span class='ocrx_word' id='word_1_131' title='bbox 1407 2858 1487 2923; x_wconf 83' lang='lat' dir='ltr'><strong>ab</strong></span> <span class='ocrx_word' id='word_1_132' title='bbox 1535 2876 1657 2921; x_wconf 80' lang='lat' dir='ltr'><strong>avo</strong></span> <span class='ocrx_word' id='word_1_133' title='bbox 1692 2876 1820 2941; x_wconf 86' lang='lat' dir='ltr'><strong>pro</strong></span> 
     </span>
     <span class='ocr_line' id='line_1_25' title="bbox 328 2957 1820 3043; baseline -0.001 -20"><span class='ocrx_word' id='word_1_134' title='bbox 328 2958 477 3042; x_wconf 80' lang='lat' dir='ltr'><strong>ejus</strong></span> <span class='ocrx_word' id='word_1_135' title='bbox 516 2958 746 3021; x_wconf 88' lang='lat' dir='ltr'><strong>aetatis</strong></span> <span class='ocrx_word' id='word_1_136' title='bbox 792 2959 1099 3042; x_wconf 86' lang='lat' dir='ltr'><strong>exemplo</strong></span> <span class='ocrx_word' id='word_1_137' title='bbox 1150 2978 1394 3023; x_wconf 89' lang='lat' dir='ltr'><strong>nomen</strong></span> <span class='ocrx_word' id='word_1_138' title='bbox 1441 2957 1566 3021; x_wconf 88' lang='lat' dir='ltr'><strong>sibi</strong></span> <span class='ocrx_word' id='word_1_139' title='bbox 1608 2958 1820 3043; x_wconf 88' lang='lat' dir='ltr'><strong>impo-</strong></span> 
     </span>
     <span class='ocr_line' id='line_1_26' title="bbox 326 3058 1817 3137; baseline -0.002 -14"><span class='ocrx_word' id='word_1_140' title='bbox 326 3058 475 3124; x_wconf 78' lang='lat' dir='ltr'><strong>suit.</strong></span> <span class='ocrx_word' id='word_1_141' title='bbox 573 3061 663 3121; x_wconf 85' lang='lat' dir='ltr'><strong>Et</strong></span> <span class='ocrx_word' id='word_1_142' title='bbox 728 3078 920 3134; x_wconf 85' lang='lat' dir='ltr'><strong>sane,</strong></span> <span class='ocrx_word' id='word_1_143' title='bbox 992 3074 1067 3124; x_wconf 91' lang='lat' dir='ltr'><strong>ut</strong></span> <span class='ocrx_word' id='word_1_144' title='bbox 1114 3061 1277 3124; x_wconf 84' lang='lat' dir='ltr'><strong>alias</strong></span> <span class='ocrx_word' id='word_1_145' title='bbox 1340 3061 1621 3137; x_wconf 87' lang='lat' dir='ltr'><strong>dictum,</strong></span> <span class='ocrx_word' id='word_1_146' title='bbox 1684 3080 1817 3121; x_wconf 88' lang='lat' dir='ltr'><strong>non</strong></span> 
     </span>
     <span class='ocr_line' id='line_1_27' title="bbox 326 3158 1816 3246; baseline -0.001 -21"><span class='ocrx_word' id='word_1_147' title='bbox 326 3180 480 3225; x_wconf 85' lang='lat' dir='ltr'><strong>raro</strong></span> <span class='ocrx_word' id='word_1_148' title='bbox 540 3158 607 3221; x_wconf 88' lang='lat' dir='ltr'><strong>in</strong></span> <span class='ocrx_word' id='word_1_149' title='bbox 665 3161 1099 3228; x_wconf 86' lang='lat' dir='ltr'><strong>marmoribus</strong></span> <span class='ocrx_word' id='word_1_150' title='bbox 1150 3166 1382 3246; x_wconf 72' lang='lat' dir='ltr'><strong>Maym‘</strong></span> <span class='ocrx_word' id='word_1_151' title='bbox 1441 3161 1816 3226; x_wconf 80' lang='lat' dir='ltr'><strong>caracallae</strong></span> 
     </span>
     <span class='ocr_line' id='line_1_28' title="bbox 322 3258 1819 3358; baseline -0.003 -31"><span class='ocrx_word' id='word_1_152' title='bbox 322 3267 534 3347; x_wconf 71' lang='lat' dir='ltr'><strong>filius,</strong></span> <span class='ocrx_word' id='word_1_153' title='bbox 580 3280 646 3329; x_wconf 89' lang='lat' dir='ltr'><strong>et</strong></span> <span class='ocrx_word' id='word_1_154' title='bbox 682 3270 913 3331; x_wconf 74' lang='lat' dir='ltr'><strong>Severi</strong></span> <span class='ocrx_word' id='word_1_155' title='bbox 948 3285 1144 3348; x_wconf 72' lang='lat' dir='ltr'><strong>nepos</strong></span> <span class='ocrx_word' id='word_1_156' title='bbox 1182 3264 1573 3350; x_wconf 81' lang='lat' dir='ltr'><strong>appellatur.</strong></span> <span class='ocrx_word' id='word_1_157' title='bbox 1637 3258 1819 3358; x_wconf 78' lang='lat' dir='ltr'><strong>Quid</strong></span> 
     </span>
     <span class='ocr_line' id='line_1_29' title="bbox 328 3364 1819 3453; baseline -0.002 -25"><span class='ocrx_word' id='word_1_158' title='bbox 328 3364 508 3450; x_wconf 85' lang='lat' dir='ltr'><strong>quod</strong></span> <span class='ocrx_word' id='word_1_159' title='bbox 524 3366 798 3453; x_wconf 87' lang='lat' dir='ltr'><strong>propius</strong></span> <span class='ocrx_word' id='word_1_160' title='bbox 833 3367 1001 3431; x_wconf 85' lang='lat' dir='ltr'><strong>illud</strong></span> <span class='ocrx_word' id='word_1_161' title='bbox 1033 3380 1288 3451; x_wconf 83' lang='lat' dir='ltr'><strong>apatre</strong></span> <span class='ocrx_word' id='word_1_162' title='bbox 1324 3364 1661 3429; x_wconf 82' lang='lat' dir='ltr'><strong>Caracalla</strong></span> <span class='ocrx_word' id='word_1_163' title='bbox 1689 3379 1819 3425; x_wconf 83' lang='lat' dir='ltr'><strong>tra·</strong></span> 
     </span>
     <span class='ocr_line' id='line_1_30' title="bbox 323 3463 1816 3554; baseline -0.002 -25"><span class='ocrx_word' id='word_1_164' title='bbox 323 3467 491 3534; x_wconf 83' lang='lat' dir='ltr'><strong>bere</strong></span> <span class='ocrx_word' id='word_1_165' title='bbox 543 3470 796 3554; x_wconf 82' lang='lat' dir='ltr'><strong>potuit,</strong></span> <span class='ocrx_word' id='word_1_166' title='bbox 860 3470 967 3535; x_wconf 91' lang='lat' dir='ltr'><strong>cui</strong></span> <span class='ocrx_word' id='word_1_167' title='bbox 1019 3467 1254 3533; x_wconf 80' lang='lat' dir='ltr'><strong>Severi</strong></span> <span class='ocrx_word' id='word_1_168' title='bbox 1300 3486 1562 3554; x_wconf 83' lang='lat' dir='ltr'><strong>quoque</strong></span> <span class='ocrx_word' id='word_1_169' title='bbox 1609 3463 1816 3529; x_wconf 83' lang='lat' dir='ltr'><strong>fuisse</strong></span> 
     </span>
     <span class='ocr_line' id='line_1_31' title="bbox 324 3569 1308 3647; baseline -0.001 -16"><span class='ocrx_word' id='word_1_170' title='bbox 324 3589 609 3647; x_wconf 86' lang='lat' dir='ltr'><strong>nomen,</strong></span> <span class='ocrx_word' id='word_1_171' title='bbox 656 3591 775 3633; x_wconf 92' lang='lat' dir='ltr'><strong>suo</strong></span> <span class='ocrx_word' id='word_1_172' title='bbox 810 3572 960 3635; x_wconf 88' lang='lat' dir='ltr'><strong>loco</strong></span> <span class='ocrx_word' id='word_1_173' title='bbox 1006 3569 1308 3633; x_wconf 84' lang='lat' dir='ltr'><strong>diximus.</strong></span> 
     </span>
    </p>
   </div>
   <div class='ocr_carea' id='block_1_3' title="bbox 456 3665 1837 3756">
    <p class='ocr_par' dir='ltr' id='par_1_5' title="bbox 456 3665 1837 3756">
     <span class='ocr_line' id='line_1_32' title="bbox 456 3665 1837 3756; baseline -0.005 -21"><span class='ocrx_word' id='word_1_174' title='bbox 456 3675 650 3749; x_wconf 70' lang='lat' dir='ltr'><strong>Pius,</strong></span> <span class='ocrx_word' id='word_1_175' title='bbox 692 3674 901 3736; x_wconf 68' lang='lat' dir='ltr'><strong>Felix.</strong></span> <span class='ocrx_word' id='word_1_176' title='bbox 947 3673 1316 3756; x_wconf 86' lang='lat' dir='ltr'><strong>&#39;Vtrumque</strong></span> <span class='ocrx_word' id='word_1_177' title='bbox 1348 3668 1524 3732; x_wconf 87' lang='lat' dir='ltr'><strong>bunc</strong></span> <span class='ocrx_word' id='word_1_178' title='bbox 1556 3665 1837 3731; x_wconf 61' lang='lat' dir='ltr'><strong>titulum*</strong></span> 
     </span>
    </p>
   </div>
   <div class='ocr_carea' id='block_1_4' title="bbox 327 3768 1821 4366">
    <p class='ocr_par' dir='ltr' id='par_1_6' title="bbox 327 3768 1821 4366">
     <span class='ocr_line' id='line_1_33' title="bbox 327 3768 1821 3845; baseline -0.005 -7"><span class='ocrx_word' id='word_1_179' title='bbox 327 3775 484 3838; x_wconf 81' lang='lat' dir='ltr'><strong>satis</strong></span> <span class='ocrx_word' id='word_1_180' title='bbox 525 3785 780 3838; x_wconf 84' lang='lat' dir='ltr'><strong>mature</strong></span> <span class='ocrx_word' id='word_1_181' title='bbox 829 3773 1205 3838; x_wconf 82' lang='lat' dir='ltr'><strong>Alexandro</strong></span> <span class='ocrx_word' id='word_1_182' title='bbox 1264 3771 1561 3835; x_wconf 84' lang='lat' dir='ltr'><strong>tribuunt</strong></span> <span class='ocrx_word' id='word_1_183' title='bbox 1611 3768 1821 3845; x_wconf 85' lang='lat' dir='ltr'><strong>numi,</strong></span> 
     </span>
     <span class='ocr_line' id='line_1_34' title="bbox 331 3872 1817 3967; baseline -0.009 -21"><span class='ocrx_word' id='word_1_184' title='bbox 331 3880 453 3945; x_wconf 82' lang='lat' dir='ltr'><strong>sed</strong></span> <span class='ocrx_word' id='word_1_185' title='bbox 499 3876 853 3967; x_wconf 81' lang='lat' dir='ltr'><strong>perpauci,</strong></span> <span class='ocrx_word' id='word_1_186' title='bbox 935 3876 1115 3960; x_wconf 85' lang='lat' dir='ltr'><strong>iique</strong></span> <span class='ocrx_word' id='word_1_187' title='bbox 1162 3872 1514 3952; x_wconf 85' lang='lat' dir='ltr'><strong>rarissimi,</strong></span> <span class='ocrx_word' id='word_1_188' title='bbox 1588 3889 1817 3935; x_wconf 85' lang='lat' dir='ltr'><strong>omnes</strong></span> 
     </span>
     <span class='ocr_line' id='line_1_35' title="bbox 328 3975 1276 4049; baseline -0.012 0"><span class='ocrx_word' id='word_1_189' title='bbox 328 3982 593 4049; x_wconf 79' lang='lat' dir='ltr'><strong>maximi</strong></span> <span class='ocrx_word' id='word_1_190' title='bbox 629 3977 902 4045; x_wconf 87' lang='lat' dir='ltr'><strong>moduli.</strong></span> <span class='ocrx_word' id='word_1_191' title='bbox 948 3977 1051 4039; x_wconf 88' lang='lat' dir='ltr'><strong>En</strong></span> <span class='ocrx_word' id='word_1_192' title='bbox 1075 3975 1276 4039; x_wconf 75' lang='lat' dir='ltr'><strong>illos:</strong></span> 
     </span>
     <span class='ocr_line' id='line_1_36' title="bbox 608 4071 1814 4147; baseline -0.009 -1"><span class='ocrx_word' id='word_1_193' title='bbox 608 4083 787 4146; x_wconf 77' lang='lat' dir='ltr'><strong>IMP.</strong></span> <span class='ocrx_word' id='word_1_194' title='bbox 812 4078 1054 4144; x_wconf 85' lang='lat' dir='ltr'><strong>CAES.</strong></span> <span class='ocrx_word' id='word_1_195' title='bbox 1068 4079 1157 4140; x_wconf 76' lang='lat' dir='ltr'><strong>M.</strong></span> <span class='ocrx_word' id='word_1_196' title='bbox 1177 4076 1377 4147; x_wconf 76' lang='lat' dir='ltr'><strong>AVB.</strong></span> <span class='ocrx_word' id='word_1_197' title='bbox 1403 4071 1591 4144; x_wconf 80' lang='lat' dir='ltr'><strong>SEV.</strong></span> <span class='ocrx_word' id='word_1_198' title='bbox 1610 4071 1814 4137; x_wconf 56' lang='grc' dir='ltr'><strong>ΑΒΕ,</strong></span> 
     </span>
     <span class='ocr_line' id='line_1_37' title="bbox 610 4176 1813 4248; baseline -0.006 -2"><span class='ocrx_word' id='word_1_199' title='bbox 610 4182 1000 4246; x_wconf 76' lang='lat' dir='ltr'><strong>xANDER.</strong></span> <span class='ocrx_word' id='word_1_200' title='bbox 1035 4180 1253 4248; x_wconf 84' lang='lat' dir='ltr'><strong>PIVS.</strong></span> <span class='ocrx_word' id='word_1_201' title='bbox 1288 4178 1579 4244; x_wconf 75' lang='lat' dir='ltr'><strong>FELIX.</strong></span> <span class='ocrx_word' id='word_1_202' title='bbox 1611 4176 1813 4246; x_wconf 80' lang='lat' dir='ltr'><strong>AVG.</strong></span> 
     </span>
     <span class='ocr_line' id='line_1_38' title="bbox 604 4285 1225 4366; baseline -0.005 -20"><span class='ocrx_word' id='word_1_203' title='bbox 604 4289 809 4366; x_wconf 79' lang='lat' dir='ltr'><strong>Caput</strong></span> <span class='ocrx_word' id='word_1_204' title='bbox 847 4285 1225 4348; x_wconf 72' lang='lat' dir='ltr'><strong>lamentum.</strong></span> 
     </span>
    </p>
   </div>
   <div class='ocr_carea' id='block_1_5' title="bbox 324 4604 1739 4878">
    <p class='ocr_par' dir='ltr' id='par_1_7' title="bbox 324 4604 1739 4878">
     <span class='ocr_line' id='line_1_39' title="bbox 401 4604 1358 4688; baseline -0.006 -19"><span class='ocrx_word' id='word_1_205' title='bbox 401 4615 466 4686; x_wconf 81' lang='lat' dir='ltr'><strong>a)</strong></span> <span class='ocrx_word' id='word_1_206' title='bbox 505 4614 657 4688; x_wconf 86' lang='lat' dir='ltr'><strong>Cap.</strong></span> <span class='ocrx_word' id='word_1_207' title='bbox 694 4618 747 4673; x_wconf 86' lang='lat'><strong>5.</strong></span> <span class='ocrx_word' id='word_1_208' title='bbox 893 4606 959 4680; x_wconf 88' lang='lat' dir='ltr'><strong>b)</strong></span> <span class='ocrx_word' id='word_1_209' title='bbox 996 4606 1061 4665; x_wconf 88' lang='lat' dir='ltr'><strong>L.</strong></span> <span class='ocrx_word' id='word_1_210' title='bbox 1099 4604 1173 4666; x_wconf 80' lang='lat' dir='ltr'><strong>V.</strong></span> <span class='ocrx_word' id='word_1_211' title='bbox 1216 4623 1265 4665; x_wconf 88' lang='lat' dir='ltr'><strong>c.</strong></span> <span class='ocrx_word' id='word_1_212' title='bbox 1302 4617 1358 4672; x_wconf 75' lang='grc'><strong>7.</strong></span> 
     </span>
     <span class='ocr_line' id='line_1_40' title="bbox 324 4693 1739 4785; baseline -0.01 -16"><span class='ocrx_word' id='word_1_213' title='bbox 324 4728 392 4785; x_wconf 80' lang='lat' dir='ltr'><strong>p.</strong></span> <span class='ocrx_word' id='word_1_214' title='bbox 430 4716 562 4780; x_wconf 76' lang='lat'><strong>⁸9⁰·</strong></span> <span class='ocrx_word' id='word_1_215' title='bbox 603 4711 691 4765; x_wconf 80' lang='lat'><strong>13.</strong></span> <span class='ocrx_word' id='word_1_216' title='bbox 875 4697 922 4767; x_wconf 71' lang='lat' dir='ltr'><strong>l)</strong></span> <span class='ocrx_word' id='word_1_217' title='bbox 963 4695 1182 4760; x_wconf 77' lang='lat' dir='ltr'><strong>Gruter</strong></span> <span class='ocrx_word' id='word_1_218' title='bbox 1218 4715 1279 4775; x_wconf 88' lang='lat' dir='ltr'><strong>p.</strong></span> <span class='ocrx_word' id='word_1_219' title='bbox 1320 4707 1479 4762; x_wconf 76' lang='lat'><strong>1078·</strong></span> <span class='ocrx_word' id='word_1_220' title='bbox 1519 4693 1601 4761; x_wconf 53' lang='lat'><strong>8&gt;</strong></span> <span class='ocrx_word' id='word_1_221' title='bbox 1718 4741 1739 4756; x_wconf 83' lang='grc'><strong>..</strong></span> 
     </span>
     <span class='ocr_line' id='line_1_41' title="bbox 523 4792 934 4878; baseline -0.015 -18"><span class='ocrx_word' id='word_1_222' title='bbox 523 4797 704 4878; x_wconf 76' lang='lat' dir='ltr'><strong>(Vol.</strong></span> <span class='ocrx_word' id='word_1_223' title='bbox 756 4792 934 4874; x_wconf 72' lang='lat'><strong>711.)</strong></span> 
     </span>
    </p>
   </div>
   <div class='ocr_carea' id='block_1_6' title="bbox 1507 4604 2106 4684">
    <p class='ocr_par' dir='ltr' id='par_1_8' title="bbox 1507 4604 2106 4684">
     <span class='ocr_line' id='line_1_42' title="bbox 1507 4604 2106 4684; baseline 0.002 -22"><span class='ocrx_word' id='word_1_224' title='bbox 1507 4604 1736 4684; x_wconf 34' lang='lat' dir='ltr'><strong>c)·Cap</strong></span> <span class='ocrx_word' id='word_1_225' title='bbox 1798 4615 1885 4666; x_wconf 81' lang='lat'><strong>12.</strong></span> <span class='ocrx_word' id='word_1_226' title='bbox 1924 4615 1982 4664; x_wconf 86' lang='lat' dir='ltr'><strong>et</strong></span> <span class='ocrx_word' id='word_1_227' title='bbox 2019 4614 2106 4669; x_wconf 84' lang='lat'><strong>25.</strong></span> 
     </span>
    </p>
   </div>
   <div class='ocr_carea' id='block_1_7' title="bbox 3271 465 3408 534">
    <p class='ocr_par' dir='ltr' id='par_1_9' title="bbox 3271 465 3408 534">
     <span class='ocr_line' id='line_1_43' title="bbox 3271 465 3408 534; baseline -0.015 -1"><span class='ocrx_word' id='word_1_228' title='bbox 3271 465 3408 534; x_wconf 80' lang='lat'><strong>281</strong></span> 
     </span>
    </p>
   </div>
   <div class='ocr_carea' id='block_1_8' title="bbox 1931 624 3432 1120">
    <p class='ocr_par' dir='ltr' id='par_1_10' title="bbox 1931 624 3430 916">
     <span class='ocr_line' id='line_1_44' title="bbox 1931 624 3428 718; baseline 0.005 -29"><span class='ocrx_word' id='word_1_229' title='bbox 1931 625 2548 692; x_wconf 71' lang='lat' dir='ltr'><strong>LIBERALITAS.</strong></span> <span class='ocrx_word' id='word_1_230' title='bbox 2597 624 3011 718; x_wconf 68' lang='lat' dir='ltr'><strong>AVGVSTI.</strong></span> <span class='ocrx_word' id='word_1_231' title='bbox 3073 633 3428 711; x_wconf 59' lang='lat' dir='ltr'><strong>Imperator</strong></span> 
     </span>
     <span class='ocr_line' id='line_1_45' title="bbox 1932 730 3430 811; baseline 0.004 -20"><span class='ocrx_word' id='word_1_232' title='bbox 1932 733 2051 792; x_wconf 76' lang='lat' dir='ltr'><strong>dat</strong></span> <span class='ocrx_word' id='word_1_233' title='bbox 2086 735 2328 809; x_wconf 79' lang='lat' dir='ltr'><strong>populo</strong></span> <span class='ocrx_word' id='word_1_234' title='bbox 2362 732 2785 811; x_wconf 73' lang='lat' dir='ltr'><strong>conyae‘an&#39;um.</strong></span> <span class='ocrx_word' id='word_1_235' title='bbox 2848 730 2985 792; x_wconf 83' lang='grc' dir='ltr'><strong>ΑΕ.</strong></span> <span class='ocrx_word' id='word_1_236' title='bbox 3027 753 3196 799; x_wconf 83' lang='lat' dir='ltr'><strong>max.</strong></span> <span class='ocrx_word' id='word_1_237' title='bbox 3252 732 3430 798; x_wconf 83' lang='lat' dir='ltr'><strong>mod.</strong></span> 
     </span>
     <span class='ocr_line' id='line_1_46' title="bbox 1934 828 2950 916; baseline -0.002 -24"><span class='ocrx_word' id='word_1_238' title='bbox 1934 828 2271 910; x_wconf 81' lang='lat' dir='ltr'><strong>(Harduin</strong></span> <span class='ocrx_word' id='word_1_239' title='bbox 2306 830 2481 915; x_wconf 83' lang='lat' dir='ltr'><strong>opp.</strong></span> <span class='ocrx_word' id='word_1_240' title='bbox 2518 832 2637 895; x_wconf 87' lang='lat' dir='ltr'><strong>sel.</strong></span> <span class='ocrx_word' id='word_1_241' title='bbox 2672 853 2735 916; x_wconf 87' lang='lat' dir='ltr'><strong>p.</strong></span> <span class='ocrx_word' id='word_1_242' title='bbox 2769 829 2950 914; x_wconf 81' lang='lat'><strong>819.)</strong></span> 
     </span>
    </p>

    <p class='ocr_par' dir='ltr' id='par_1_11' title="bbox 1931 936 3432 1120">
     <span class='ocr_line' id='line_1_47' title="bbox 2260 936 2847 1000; baseline 0.009 -5"><span class='ocrx_word' id='word_1_243' title='bbox 2260 936 2510 996; x_wconf 83' lang='lat' dir='ltr'><strong>Eadem</strong></span> <span class='ocrx_word' id='word_1_244' title='bbox 2548 937 2847 1000; x_wconf 79' lang='lat' dir='ltr'><strong>adversa.</strong></span> 
     </span>
     <span class='ocr_line' id='line_1_48' title="bbox 1931 1032 3432 1120; baseline 0.005 -24"><span class='ocrx_word' id='word_1_245' title='bbox 1931 1032 2007 1096; x_wconf 89' lang='lat' dir='ltr'><strong>P.</strong></span> <span class='ocrx_word' id='word_1_246' title='bbox 2033 1034 2125 1094; x_wconf 78' lang='lat' dir='ltr'><strong>M.</strong></span> <span class='ocrx_word' id='word_1_247' title='bbox 2165 1037 2308 1097; x_wconf 83' lang='lat' dir='ltr'><strong>TR.</strong></span> <span class='ocrx_word' id='word_1_248' title='bbox 2328 1036 2402 1096; x_wconf 87' lang='grc' dir='ltr'><strong>Ρ.</strong></span> <span class='ocrx_word' id='word_1_249' title='bbox 2432 1033 2795 1103; x_wconf 75' lang='lat' dir='ltr'><strong>VILCOS.</strong></span> <span class='ocrx_word' id='word_1_250' title='bbox 2832 1037 2911 1096; x_wconf 90' lang='lat'><strong>11.</strong></span> <span class='ocrx_word' id='word_1_251' title='bbox 2943 1035 3017 1099; x_wconf 87' lang='lat' dir='ltr'><strong>P.</strong></span> <span class='ocrx_word' id='word_1_252' title='bbox 3041 1036 3121 1100; x_wconf 89' lang='lat' dir='ltr'><strong>P.</strong></span> <span class='ocrx_word' id='word_1_253' title='bbox 3155 1039 3432 1120; x_wconf 82' lang='lat' dir='ltr'><strong>Impera·</strong></span> 
     </span>
    </p>
   </div>
   <div class='ocr_carea' id='block_1_9' title="bbox 1933 1139 3444 1226">
    <p class='ocr_par' dir='ltr' id='par_1_12' title="bbox 1933 1139 3444 1226">
     <span class='ocr_line' id='line_1_49' title="bbox 1933 1139 3444 1226; baseline 0.004 -28"><span class='ocrx_word' id='word_1_254' title='bbox 1933 1146 2035 1198; x_wconf 80' lang='lat' dir='ltr'><strong>tor</strong></span> <span class='ocrx_word' id='word_1_255' title='bbox 2067 1146 2220 1199; x_wconf 78' lang='lat' dir='ltr'><strong>ante</strong></span> <span class='ocrx_word' id='word_1_256' title='bbox 2245 1139 2542 1216; x_wconf 77' lang='lat' dir='ltr'><strong>templum</strong></span> <span class='ocrx_word' id='word_1_257' title='bbox 2567 1140 2940 1219; x_wconf 74' lang='lat' dir='ltr'><strong>sacrificans</strong></span> <span class='ocrx_word' id='word_1_258' title='bbox 2975 1158 3115 1201; x_wconf 79' lang='lat' dir='ltr'><strong>cum</strong></span> <span class='ocrx_word' id='word_1_259' title='bbox 3126 1142 3309 1219; x_wconf 76' lang='lat' dir='ltr'><strong>pluri</strong></span> <span class='ocrx_word' id='word_1_260' title='bbox 3311 1142 3444 1226; x_wconf 71' lang='lat' dir='ltr'><strong>busn</strong></span> 
     </span>
    </p>
   </div>
   <div class='ocr_carea' id='block_1_10' title="bbox 1922 1238 3348 1324">
    <p class='ocr_par' dir='ltr' id='par_1_13' title="bbox 1922 1238 3348 1324">
     <span class='ocr_line' id='line_1_50' title="bbox 1922 1238 3348 1324; baseline 0.005 -23"><span class='ocrx_word' id='word_1_261' title='bbox 1922 1241 2171 1321; x_wconf 73' lang='lat' dir='ltr'><strong>fiyure&#39;s.</strong></span> <span class='ocrx_word' id='word_1_262' title='bbox 2201 1238 2339 1299; x_wconf 83' lang='grc' dir='ltr'><strong>ΑΕ.</strong></span> <span class='ocrx_word' id='word_1_263' title='bbox 2379 1258 2547 1300; x_wconf 81' lang='lat' dir='ltr'><strong>max.</strong></span> <span class='ocrx_word' id='word_1_264' title='bbox 2581 1239 2758 1302; x_wconf 86' lang='lat' dir='ltr'><strong>mod.</strong></span> <span class='ocrx_word' id='word_1_265' title='bbox 2801 1241 3006 1318; x_wconf 80' lang='lat' dir='ltr'><strong>(Mus.</strong></span> <span class='ocrx_word' id='word_1_266' title='bbox 3041 1240 3348 1324; x_wconf 81' lang='lat' dir='ltr'><strong>Albani.)</strong></span> 
     </span>
    </p>
   </div>
   <div class='ocr_carea' id='block_1_11' title="bbox 1931 1343 3482 2334">
    <p class='ocr_par' dir='ltr' id='par_1_14' title="bbox 1931 1343 3435 1822">
     <span class='ocr_line' id='line_1_51' title="bbox 2158 1343 2926 1414; baseline 0 -13"><span class='ocrx_word' id='word_1_267' title='bbox 2158 1407 2169 1414; x_wconf 46' lang='lat'>‚</span> <span class='ocrx_word' id='word_1_268' title='bbox 2258 1343 2506 1401; x_wconf 84' lang='lat' dir='ltr'><strong>Eadem</strong></span> <span class='ocrx_word' id='word_1_269' title='bbox 2547 1344 2840 1402; x_wconf 68' lang='lat' dir='ltr'><strong>adversa.</strong></span> <span class='ocrx_word' id='word_1_270' title='bbox 2917 1377 2926 1388; x_wconf 82' lang='lat'>·</span> 
     </span>
     <span class='ocr_line' id='line_1_52' title="bbox 1936 1440 3435 1507; baseline 0.001 -4"><span class='ocrx_word' id='word_1_271' title='bbox 1936 1441 2012 1503; x_wconf 90' lang='lat' dir='ltr'><strong>P.</strong></span> <span class='ocrx_word' id='word_1_272' title='bbox 2059 1444 2150 1503; x_wconf 79' lang='lat' dir='ltr'><strong>M.</strong></span> <span class='ocrx_word' id='word_1_273' title='bbox 2188 1445 2329 1503; x_wconf 85' lang='lat' dir='ltr'><strong>TR.</strong></span> <span class='ocrx_word' id='word_1_274' title='bbox 2368 1440 2446 1500; x_wconf 88' lang='lat' dir='ltr'><strong>P.</strong></span> <span class='ocrx_word' id='word_1_275' title='bbox 2484 1441 2657 1507; x_wconf 87' lang='lat' dir='ltr'><strong>V111.</strong></span> <span class='ocrx_word' id='word_1_276' title='bbox 2691 1440 2879 1505; x_wconf 82' lang='lat' dir='ltr'><strong>COS.</strong></span> <span class='ocrx_word' id='word_1_277' title='bbox 2922 1441 3033 1505; x_wconf 87' lang='lat'><strong>111.</strong></span> <span class='ocrx_word' id='word_1_278' title='bbox 3076 1441 3150 1503; x_wconf 89' lang='grc' dir='ltr'><strong>Ρ.</strong></span> <span class='ocrx_word' id='word_1_279' title='bbox 3197 1440 3272 1505; x_wconf 88' lang='lat' dir='ltr'><strong>P.</strong></span> <span class='ocrx_word' id='word_1_280' title='bbox 3325 1445 3435 1505; x_wconf 68' lang='lat'><em>1²2·-</em></span> 
     </span>
     <span class='ocr_line' id='line_1_53' title="bbox 1931 1544 3428 1626; baseline 0.002 -21"><span class='ocrx_word' id='word_1_281' title='bbox 1931 1547 2141 1620; x_wconf 67' lang='lat' dir='ltr'><strong>qtoria</strong></span> <span class='ocrx_word' id='word_1_282' title='bbox 2194 1545 2266 1604; x_wconf 66' lang='grc' dir='ltr'><strong>ὄπ</strong></span> <span class='ocrx_word' id='word_1_283' title='bbox 2328 1545 2666 1626; x_wconf 50' lang='lat' dir='ltr'><strong>quadr-(qis</strong></span> <span class='ocrx_word' id='word_1_284' title='bbox 2713 1545 3225 1624; x_wconf 64' lang='lat' dir='ltr'><strong>triumphalibus.</strong></span> <span class='ocrx_word' id='word_1_285' title='bbox 3287 1544 3428 1608; x_wconf 78' lang='grc' dir='ltr'><strong>ΑΕ.</strong></span> 
     </span>
     <span class='ocr_line' id='line_1_54' title="bbox 1935 1641 3428 1728; baseline 0.001 -25"><span class='ocrx_word' id='word_1_286' title='bbox 1935 1663 2111 1705; x_wconf 84' lang='lat' dir='ltr'><strong>max.</strong></span> <span class='ocrx_word' id='word_1_287' title='bbox 2160 1643 2335 1708; x_wconf 84' lang='lat' dir='ltr'><strong>mod.</strong></span> <span class='ocrx_word' id='word_1_288' title='bbox 2380 1645 2585 1723; x_wconf 82' lang='lat' dir='ltr'><strong>(Num</strong></span> <span class='ocrx_word' id='word_1_289' title='bbox 2621 1662 2790 1706; x_wconf 84' lang='lat' dir='ltr'><strong>max.</strong></span> <span class='ocrx_word' id='word_1_290' title='bbox 2849 1641 3027 1708; x_wconf 87' lang='lat' dir='ltr'><strong>mod.</strong></span> <span class='ocrx_word' id='word_1_291' title='bbox 3070 1663 3214 1728; x_wconf 84' lang='lat' dir='ltr'><strong>reg.</strong></span> <span class='ocrx_word' id='word_1_292' title='bbox 3256 1643 3428 1707; x_wconf 89' lang='lat' dir='ltr'><strong>Gall.</strong></span> 
     </span>
     <span class='ocr_line' id='line_1_55' title="bbox 1933 1743 2303 1822; baseline 0.014 -18"><span class='ocrx_word' id='word_1_293' title='bbox 1933 1743 2063 1807; x_wconf 86' lang='lat' dir='ltr'><strong>tab.</strong></span> <span class='ocrx_word' id='word_1_294' title='bbox 2110 1744 2246 1822; x_wconf 71' lang='lat'><strong>22.)</strong></span> <span class='ocrx_word' id='word_1_295' title='bbox 2298 1803 2303 1809; x_wconf 91' lang='lat'><strong>.</strong></span> 
     </span>
    </p>

    <p class='ocr_par' dir='ltr' id='par_1_15' title="bbox 1931 1842 3482 2334">
     <span class='ocr_line' id='line_1_56' title="bbox 2063 1842 3432 1928; baseline 0.005 -24"><span class='ocrx_word' id='word_1_296' title='bbox 2063 1845 2165 1905; x_wconf 80' lang='lat' dir='ltr'><strong>Ex</strong></span> <span class='ocrx_word' id='word_1_297' title='bbox 2217 1842 2321 1906; x_wconf 85' lang='lat' dir='ltr'><strong>his</strong></span> <span class='ocrx_word' id='word_1_298' title='bbox 2367 1865 2603 1907; x_wconf 86' lang='lat' dir='ltr'><strong>numus</strong></span> <span class='ocrx_word' id='word_1_299' title='bbox 2655 1843 2842 1928; x_wconf 89' lang='lat' dir='ltr'><strong>prior</strong></span> <span class='ocrx_word' id='word_1_300' title='bbox 2873 1843 3050 1908; x_wconf 89' lang='lat' dir='ltr'><strong>haud</strong></span> <span class='ocrx_word' id='word_1_301' title='bbox 3107 1845 3304 1911; x_wconf 86' lang='lat' dir='ltr'><strong>dubie</strong></span> <span class='ocrx_word' id='word_1_302' title='bbox 3347 1842 3432 1910; x_wconf 85' lang='lat' dir='ltr'><strong>ad</strong></span> 
     </span>
     <span class='ocr_line' id='line_1_57' title="bbox 1938 1931 3482 2034; baseline 0.005 -28"><span class='ocrx_word' id='word_1_303' title='bbox 1938 1964 2176 2006; x_wconf 88' lang='lat' dir='ltr'><strong>annum</strong></span> <span class='ocrx_word' id='word_1_304' title='bbox 2210 1946 2262 2008; x_wconf 90' lang='lat'><strong>1.</strong></span> <span class='ocrx_word' id='word_1_305' title='bbox 2291 1947 2675 2030; x_wconf 82' lang='lat' dir='ltr'><strong>imperantis</strong></span> <span class='ocrx_word' id='word_1_306' title='bbox 2724 1945 3085 2010; x_wconf 81' lang='lat' dir='ltr'><strong>Alexandri</strong></span> <span class='ocrx_word' id='word_1_307' title='bbox 3117 1950 3432 2034; x_wconf 79' lang='lat' dir='ltr'><strong>pertinet,</strong></span> <span class='ocrx_word' id='word_1_308' title='bbox 3471 1931 3482 1940; x_wconf 47' lang='grc'><strong>”</strong></span> 
     </span>
     <span class='ocr_line' id='line_1_58' title="bbox 1932 2043 3430 2132; baseline 0.006 -26"><span class='ocrx_word' id='word_1_309' title='bbox 1932 2043 2085 2129; x_wconf 85' lang='lat' dir='ltr'><strong>quia</strong></span> <span class='ocrx_word' id='word_1_310' title='bbox 2123 2046 2544 2110; x_wconf 80' lang='lat' dir='ltr'><strong>Liberalitati</strong></span> <span class='ocrx_word' id='word_1_311' title='bbox 2578 2066 2891 2110; x_wconf 86' lang='lat' dir='ltr'><strong>numerus</strong></span> <span class='ocrx_word' id='word_1_312' title='bbox 2942 2068 3074 2109; x_wconf 87' lang='lat' dir='ltr'><strong>non</strong></span> <span class='ocrx_word' id='word_1_313' title='bbox 3130 2047 3430 2132; x_wconf 55' lang='lat' dir='ltr'><strong>additum</strong></span> 
     </span>
     <span class='ocr_line' id='line_1_59' title="bbox 1936 2148 3429 2237; baseline 0.005 -27"><span class='ocrx_word' id='word_1_314' title='bbox 1936 2148 2106 2211; x_wconf 89' lang='lat' dir='ltr'><strong>alter</strong></span> <span class='ocrx_word' id='word_1_315' title='bbox 2148 2161 2250 2210; x_wconf 88' lang='lat' dir='ltr'><strong>est</strong></span> <span class='ocrx_word' id='word_1_316' title='bbox 2294 2148 2442 2209; x_wconf 84' lang='lat' dir='ltr'><strong>anni</strong></span> <span class='ocrx_word' id='word_1_317' title='bbox 2493 2149 2577 2217; x_wconf 83' lang='lat' dir='ltr'><strong>V.</strong></span> <span class='ocrx_word' id='word_1_318' title='bbox 2634 2148 2706 2211; x_wconf 86' lang='lat' dir='ltr'><strong>C.</strong></span> <span class='ocrx_word' id='word_1_319' title='bbox 2756 2151 2911 2231; x_wconf 63' lang='lat' dir='ltr'><strong>qen,</strong></span> <span class='ocrx_word' id='word_1_320' title='bbox 2979 2151 3212 2214; x_wconf 88' lang='lat' dir='ltr'><strong>tertius</strong></span> <span class='ocrx_word' id='word_1_321' title='bbox 3278 2152 3429 2237; x_wconf 70' lang='lat'><strong>982.</strong></span> 
     </span>
     <span class='ocr_line' id='line_1_60' title="bbox 1931 2245 3434 2334; baseline 0.002 -20"><span class='ocrx_word' id='word_1_322' title='bbox 1931 2245 2301 2334; x_wconf 72' lang='lat' dir='ltr'><strong>Vtrumque</strong></span> <span class='ocrx_word' id='word_1_323' title='bbox 2333 2249 2527 2311; x_wconf 86' lang='lat' dir='ltr'><strong>etiam</strong></span> <span class='ocrx_word' id='word_1_324' title='bbox 2563 2253 2671 2313; x_wconf 67' lang='lat' dir='ltr'><strong>Pis·</strong></span> <span class='ocrx_word' id='word_1_325' title='bbox 2694 2253 2930 2314; x_wconf 76' lang='lat' dir='ltr'><strong>Felicis</strong></span> <span class='ocrx_word' id='word_1_326' title='bbox 2979 2252 3239 2315; x_wconf 84' lang='lat' dir='ltr'><strong>titulum</strong></span> <span class='ocrx_word' id='word_1_327' title='bbox 3276 2272 3434 2316; x_wconf 81' lang='lat' dir='ltr'><strong>con·</strong></span> 
     </span>
    </p>
   </div>
   <div class='ocr_carea' id='block_1_12' title="bbox 1933 2350 3429 2529">
    <p class='ocr_par' dir='ltr' id='par_1_16' title="bbox 1933 2350 3429 2529">
     <span class='ocr_line' id='line_1_61' title="bbox 1933 2350 3425 2439; baseline 0.003 -27"><span class='ocrx_word' id='word_1_328' title='bbox 1933 2350 2221 2434; x_wconf 83' lang='lat' dir='ltr'><strong>junctum</strong></span> <span class='ocrx_word' id='word_1_329' title='bbox 2287 2351 2570 2433; x_wconf 84' lang='lat' dir='ltr'><strong>legimus</strong></span> <span class='ocrx_word' id='word_1_330' title='bbox 2644 2351 2712 2412; x_wconf 90' lang='lat' dir='ltr'><strong>in</strong></span> <span class='ocrx_word' id='word_1_331' title='bbox 2788 2354 3225 2416; x_wconf 76' lang='lat' dir='ltr'><strong>marmoribus</strong></span> <span class='ocrx_word' id='word_1_332' title='bbox 3294 2354 3425 2439; x_wconf 88' lang='lat' dir='ltr'><strong>jam</strong></span> 
     </span>
     <span class='ocr_line' id='line_1_62' title="bbox 1933 2449 3429 2529; baseline 0.005 -17"><span class='ocrx_word' id='word_1_333' title='bbox 1933 2451 1999 2512; x_wconf 86' lang='lat' dir='ltr'><strong>in</strong></span> <span class='ocrx_word' id='word_1_334' title='bbox 2049 2455 2189 2514; x_wconf 86' lang='lat' dir='ltr'><strong>TR.</strong></span> <span class='ocrx_word' id='word_1_335' title='bbox 2234 2451 2439 2515; x_wconf 89' lang='lat' dir='ltr'><strong>POT.</strong></span> <span class='ocrx_word' id='word_1_336' title='bbox 2497 2449 2640 2514; x_wconf 88' lang='lat' dir='ltr'><strong>VII.</strong></span> <span class='ocrx_word' id='word_1_337' title='bbox 2689 2450 2753 2529; x_wconf 75' lang='lat' dir='ltr'><strong>d)</strong></span> <span class='ocrx_word' id='word_1_338' title='bbox 2816 2468 2883 2517; x_wconf 86' lang='lat' dir='ltr'><strong>et</strong></span> <span class='ocrx_word' id='word_1_339' title='bbox 2927 2455 2990 2516; x_wconf 90' lang='lat' dir='ltr'><strong>in</strong></span> <span class='ocrx_word' id='word_1_340' title='bbox 3040 2455 3179 2518; x_wconf 86' lang='grc' dir='ltr'><strong>ΤΒ.</strong></span> <span class='ocrx_word' id='word_1_341' title='bbox 3221 2453 3429 2521; x_wconf 85' lang='grc' dir='ltr'><strong>ΡΟΤ.</strong></span> 
     </span>
    </p>
   </div>
   <div class='ocr_carea' id='block_1_13' title="bbox 1868 2551 3429 2741">
    <p class='ocr_par' dir='ltr' id='par_1_17' title="bbox 1868 2551 3429 2741">
     <span class='ocr_line' id='line_1_63' title="bbox 1894 2551 3429 2639; baseline 0.002 -23"><span class='ocrx_word' id='word_1_342' title='bbox 1894 2551 2046 2616; x_wconf 74' lang='lat' dir='ltr'><strong>&#39;nL</strong></span> <span class='ocrx_word' id='word_1_343' title='bbox 2079 2553 2137 2633; x_wconf 75' lang='lat' dir='ltr'><strong>e)</strong></span> <span class='ocrx_word' id='word_1_344' title='bbox 2183 2553 2338 2636; x_wconf 88' lang='lat' dir='ltr'><strong>quin</strong></span> <span class='ocrx_word' id='word_1_345' title='bbox 2393 2566 2460 2615; x_wconf 87' lang='lat' dir='ltr'><strong>et</strong></span> <span class='ocrx_word' id='word_1_346' title='bbox 2497 2552 2561 2613; x_wconf 82' lang='lat' dir='ltr'><strong>in</strong></span> <span class='ocrx_word' id='word_1_347' title='bbox 2611 2554 2757 2637; x_wconf 87' lang='lat' dir='ltr'><strong>ipso</strong></span> <span class='ocrx_word' id='word_1_348' title='bbox 2802 2554 2978 2617; x_wconf 83' lang='lat' dir='ltr'><strong>aditu</strong></span> <span class='ocrx_word' id='word_1_349' title='bbox 3026 2556 3291 2639; x_wconf 84' lang='lat' dir='ltr'><strong>imperii</strong></span> <span class='ocrx_word' id='word_1_350' title='bbox 3329 2576 3429 2620; x_wconf 83' lang='lat' dir='ltr'><strong>se·</strong></span> 
     </span>
     <span class='ocr_line' id='line_1_64' title="bbox 1868 2654 3429 2741; baseline 0.003 -23"><span class='ocrx_word' id='word_1_351' title='bbox 1868 2692 1883 2706; x_wconf 89' lang='lat'><strong>·</strong></span> <span class='ocrx_word' id='word_1_352' title='bbox 1936 2654 2217 2718; x_wconf 87' lang='lat' dir='ltr'><strong>cundum</strong></span> <span class='ocrx_word' id='word_1_353' title='bbox 2270 2668 2486 2718; x_wconf 86' lang='lat' dir='ltr'><strong>certas</strong></span> <span class='ocrx_word' id='word_1_354' title='bbox 2521 2668 2708 2717; x_wconf 85' lang='lat' dir='ltr'><strong>notas</strong></span> <span class='ocrx_word' id='word_1_355' title='bbox 2762 2656 3306 2741; x_wconf 57' lang='lat' dir='ltr'><strong>chronologicam</strong></span> <span class='ocrx_word' id='word_1_356' title='bbox 3350 2659 3429 2722; x_wconf 94' lang='lat' dir='ltr'><strong>P.</strong></span> 
     </span>
    </p>
   </div>
   <div class='ocr_carea' id='block_1_14' title="bbox 1926 2753 3429 4253">
    <p class='ocr_par' dir='ltr' id='par_1_18' title="bbox 1926 2753 3429 4253">
     <span class='ocr_line' id='line_1_65' title="bbox 1931 2753 3429 2837; baseline 0.002 -19"><span class='ocrx_word' id='word_1_357' title='bbox 1931 2759 2025 2820; x_wconf 81' lang='lat' dir='ltr'><strong>M.</strong></span> <span class='ocrx_word' id='word_1_358' title='bbox 2059 2759 2195 2816; x_wconf 83' lang='lat' dir='ltr'><strong>TR.</strong></span> <span class='ocrx_word' id='word_1_359' title='bbox 2225 2757 2299 2815; x_wconf 91' lang='grc' dir='ltr'><strong>Ρ.</strong></span> <span class='ocrx_word' id='word_1_360' title='bbox 2336 2755 2525 2819; x_wconf 86' lang='lat' dir='ltr'><strong>COS.</strong></span> <span class='ocrx_word' id='word_1_361' title='bbox 2562 2758 2641 2820; x_wconf 91' lang='lat' dir='ltr'><strong>P.</strong></span> <span class='ocrx_word' id='word_1_362' title='bbox 2669 2758 2743 2817; x_wconf 91' lang='grc' dir='ltr'><strong>Ρ.</strong></span> <span class='ocrx_word' id='word_1_363' title='bbox 2777 2753 2868 2837; x_wconf 68' lang='lat'><strong>5).</strong></span> <span class='ocrx_word' id='word_1_364' title='bbox 2907 2757 3104 2821; x_wconf 76' lang='lat' dir='ltr'><strong>Numi</strong></span> <span class='ocrx_word' id='word_1_365' title='bbox 3144 2756 3429 2821; x_wconf 80' lang='lat' dir='ltr'><strong>Alexan-</strong></span> 
     </span>
     <span class='ocr_line' id='line_1_66' title="bbox 1933 2849 3428 2942; baseline 0.005 -25"><span class='ocrx_word' id='word_1_366' title='bbox 1933 2855 2103 2918; x_wconf 86' lang='lat' dir='ltr'><strong>drini</strong></span> <span class='ocrx_word' id='word_1_367' title='bbox 2141 2849 2527 2934; x_wconf 43' lang='lat' dir='ltr'><strong>GTCGBQ,</strong></span> <span class='ocrx_word' id='word_1_368' title='bbox 2572 2860 2709 2920; x_wconf 85' lang='lat' dir='ltr'><strong>PII</strong></span> <span class='ocrx_word' id='word_1_369' title='bbox 2748 2857 3006 2919; x_wconf 83' lang='lat' dir='ltr'><strong>titulum</strong></span> <span class='ocrx_word' id='word_1_370' title='bbox 3041 2858 3170 2942; x_wconf 86' lang='lat' dir='ltr'><strong>jam</strong></span> <span class='ocrx_word' id='word_1_371' title='bbox 3205 2861 3272 2920; x_wconf 89' lang='lat' dir='ltr'><strong>in</strong></span> <span class='ocrx_word' id='word_1_372' title='bbox 3303 2882 3428 2923; x_wconf 82' lang='lat' dir='ltr'><strong>nu·</strong></span> 
     </span>
     <span class='ocr_line' id='line_1_67' title="bbox 1931 2954 3426 3026; baseline 0.005 -8"><span class='ocrx_word' id='word_1_373' title='bbox 1931 2956 2056 3018; x_wconf 89' lang='lat' dir='ltr'><strong>mis</strong></span> <span class='ocrx_word' id='word_1_374' title='bbox 2090 2977 2241 3021; x_wconf 89' lang='lat' dir='ltr'><strong>cum</strong></span> <span class='ocrx_word' id='word_1_375' title='bbox 2289 2979 2460 3023; x_wconf 91' lang='lat' dir='ltr'><strong>anno</strong></span> <span class='ocrx_word' id='word_1_376' title='bbox 2494 2954 2552 3018; x_wconf 95' lang='grc' dir='ltr'>Δ</span> <span class='ocrx_word' id='word_1_377' title='bbox 2603 2969 2958 3023; x_wconf 82' lang='lat' dir='ltr'><strong>ostentant.</strong></span> <span class='ocrx_word' id='word_1_378' title='bbox 3046 2956 3134 3023; x_wconf 86' lang='lat' dir='ltr'><strong>At</strong></span> <span class='ocrx_word' id='word_1_379' title='bbox 3166 2960 3232 3024; x_wconf 90' lang='lat' dir='ltr'><strong>in</strong></span> <span class='ocrx_word' id='word_1_380' title='bbox 3268 2955 3426 3026; x_wconf 73' lang='lat' dir='ltr'><strong>r&#39;eli-</strong></span> 
     </span>
     <span class='ocr_line' id='line_1_68' title="bbox 1931 3057 3429 3148; baseline 0.006 -28"><span class='ocrx_word' id='word_1_381' title='bbox 1931 3078 2063 3142; x_wconf 87' lang='lat' dir='ltr'><strong>quo</strong></span> <span class='ocrx_word' id='word_1_382' title='bbox 2101 3057 2372 3143; x_wconf 83' lang='lat' dir='ltr'><strong>c‘opioso</strong></span> <span class='ocrx_word' id='word_1_383' title='bbox 2423 3077 2770 3124; x_wconf 79' lang='lat' dir='ltr'><strong>numerum</strong></span> <span class='ocrx_word' id='word_1_384' title='bbox 2822 3057 3179 3124; x_wconf 81' lang='lat' dir='ltr'><strong>Alexandri</strong></span> <span class='ocrx_word' id='word_1_385' title='bbox 3223 3064 3429 3148; x_wconf 80' lang='lat' dir='ltr'><strong>agmi-</strong></span> 
     </span>
     <span class='ocr_line' id='line_1_69' title="bbox 1930 3151 3426 3231; baseline 0.007 -10"><span class='ocrx_word' id='word_1_386' title='bbox 1930 3178 2016 3221; x_wconf 86' lang='lat' dir='ltr'><strong>ne</strong></span> <span class='ocrx_word' id='word_1_387' title='bbox 2066 3159 2190 3223; x_wconf 88' lang='lat' dir='ltr'><strong>alia</strong></span> <span class='ocrx_word' id='word_1_388' title='bbox 2239 3161 2349 3223; x_wconf 84' lang='lat' dir='ltr'><strong>lex</strong></span> <span class='ocrx_word' id='word_1_389' title='bbox 2391 3162 2692 3225; x_wconf 85' lang='lat' dir='ltr'><strong>obtinuit.</strong></span> <span class='ocrx_word' id='word_1_390' title='bbox 2764 3163 2855 3225; x_wconf 84' lang='lat' dir='ltr'><strong>Et</strong></span> <span class='ocrx_word' id='word_1_391' title='bbox 2893 3159 2974 3224; x_wconf 89' lang='lat' dir='ltr'><strong>ad</strong></span> <span class='ocrx_word' id='word_1_392' title='bbox 3015 3151 3136 3227; x_wconf 74' lang='lat' dir='ltr'><strong>&#39;Pii</strong></span> <span class='ocrx_word' id='word_1_393' title='bbox 3183 3185 3426 3231; x_wconf 84' lang='lat' dir='ltr'><strong>nomen</strong></span> 
     </span>
     <span class='ocr_line' id='line_1_70' title="bbox 1932 3261 3428 3360; baseline 0.005 -35"><span class='ocrx_word' id='word_1_394' title='bbox 1932 3261 2110 3346; x_wconf 83' lang='lat' dir='ltr'><strong>quod</strong></span> <span class='ocrx_word' id='word_1_395' title='bbox 2148 3263 2419 3338; x_wconf 85' lang='lat' dir='ltr'><strong>attinet,</strong></span> <span class='ocrx_word' id='word_1_396' title='bbox 2465 3263 2530 3325; x_wconf 91' lang='lat' dir='ltr'><strong>in</strong></span> <span class='ocrx_word' id='word_1_397' title='bbox 2571 3263 2757 3325; x_wconf 88' lang='lat' dir='ltr'><strong>nullo</strong></span> <span class='ocrx_word' id='word_1_398' title='bbox 2801 3262 2931 3327; x_wconf 87' lang='lat' dir='ltr'><strong>alio</strong></span> <span class='ocrx_word' id='word_1_399' title='bbox 2969 3265 3428 3360; x_wconf 63' lang='lat' dir='ltr'><strong>¹cujuscunque</strong></span> 
     </span>
     <span class='ocr_line' id='line_1_71' title="bbox 1930 3359 3427 3451; baseline 0.006 -25"><span class='ocrx_word' id='word_1_400' title='bbox 1930 3365 2182 3428; x_wconf 86' lang='lat' dir='ltr'><strong>metalli</strong></span> <span class='ocrx_word' id='word_1_401' title='bbox 2228 3385 2345 3428; x_wconf 86' lang='lat' dir='ltr'><strong>seu</strong></span> <span class='ocrx_word' id='word_1_402' title='bbox 2375 3359 2666 3441; x_wconf 82' lang='lat' dir='ltr'><strong>formae,</strong></span> <span class='ocrx_word' id='word_1_403' title='bbox 2714 3363 2995 3451; x_wconf 78' lang='lat' dir='ltr'><strong>demptis</strong></span> <span class='ocrx_word' id='word_1_404' title='bbox 3035 3370 3256 3450; x_wconf 90' lang='lat' dir='ltr'><strong>paucis</strong></span> <span class='ocrx_word' id='word_1_405' title='bbox 3295 3391 3427 3435; x_wconf 86' lang='lat' dir='ltr'><strong>ma-</strong></span> 
     </span>
     <span class='ocr_line' id='line_1_72' title="bbox 1932 3465 3421 3550; baseline 0.003 -21"><span class='ocrx_word' id='word_1_406' title='bbox 1932 3467 2092 3530; x_wconf 81' lang='lat' dir='ltr'><strong>ximi</strong></span> <span class='ocrx_word' id='word_1_407' title='bbox 2143 3465 2450 3540; x_wconf 89' lang='lat' dir='ltr'><strong>moduli,&#39;</strong></span> <span class='ocrx_word' id='word_1_408' title='bbox 2493 3466 2662 3529; x_wconf 90' lang='lat' dir='ltr'><strong>illud</strong></span> <span class='ocrx_word' id='word_1_409' title='bbox 2710 3466 3006 3550; x_wconf 82' lang='lat' dir='ltr'><strong>reperias</strong></span> <span class='ocrx_word' id='word_1_410' title='bbox 3062 3484 3213 3535; x_wconf 87' lang='lat' dir='ltr'><strong>ante</strong></span> <span class='ocrx_word' id='word_1_411' title='bbox 3267 3472 3421 3536; x_wconf 87' lang='lat' dir='ltr'><strong>trib.</strong></span> 
     </span>
     <span class='ocr_line' id='line_1_73' title="bbox 1929 3565 3426 3656; baseline 0.003 -27"><span class='ocrx_word' id='word_1_412' title='bbox 1929 3580 2323 3652; x_wconf 85' lang='lat' dir='ltr'><strong>potestatem</strong></span> <span class='ocrx_word' id='word_1_413' title='bbox 2373 3565 2497 3645; x_wconf 60' lang='lat' dir='ltr'><strong>X„</strong></span> <span class='ocrx_word' id='word_1_414' title='bbox 2563 3588 2680 3630; x_wconf 86' lang='lat' dir='ltr'><strong>seu</strong></span> <span class='ocrx_word' id='word_1_415' title='bbox 2728 3589 2966 3631; x_wconf 89' lang='lat' dir='ltr'><strong>annum</strong></span> <span class='ocrx_word' id='word_1_416' title='bbox 3016 3572 3098 3638; x_wconf 89' lang='lat' dir='ltr'><strong>V.</strong></span> <span class='ocrx_word' id='word_1_417' title='bbox 3148 3573 3220 3636; x_wconf 88' lang='lat' dir='ltr'><strong>C.</strong></span> <span class='ocrx_word' id='word_1_418' title='bbox 3279 3575 3426 3656; x_wconf 74' lang='lat'><strong>984,</strong></span> 
     </span>
     <span class='ocr_line' id='line_1_74' title="bbox 1929 3666 3426 3754; baseline 0.005 -22"><span class='ocrx_word' id='word_1_419' title='bbox 1929 3689 2006 3733; x_wconf 85' lang='lat' dir='ltr'><strong>ac</strong></span> <span class='ocrx_word' id='word_1_420' title='bbox 2047 3683 2181 3731; x_wconf 86' lang='lat' dir='ltr'><strong>tum</strong></span> <span class='ocrx_word' id='word_1_421' title='bbox 2245 3666 2508 3754; x_wconf 82' lang='lat' dir='ltr'><strong>quidem</strong></span> <span class='ocrx_word' id='word_1_422' title='bbox 2571 3668 2639 3732; x_wconf 88' lang='lat' dir='ltr'><strong>iu</strong></span> <span class='ocrx_word' id='word_1_423' title='bbox 2700 3685 3027 3734; x_wconf 86' lang='lat' dir='ltr'><strong>monetam</strong></span> <span class='ocrx_word' id='word_1_424' title='bbox 3084 3670 3426 3739; x_wconf 83' lang='lat' dir='ltr'><strong>inductum</strong></span> 
     </span>
     <span class='ocr_line' id='line_1_75' title="bbox 1929 3769 3427 3860; baseline 0.005 -28"><span class='ocrx_word' id='word_1_425' title='bbox 1929 3790 2063 3832; x_wconf 87' lang='lat' dir='ltr'><strong>non</strong></span> <span class='ocrx_word' id='word_1_426' title='bbox 2094 3769 2374 3852; x_wconf 84' lang='lat' dir='ltr'><strong>amplius</strong></span> <span class='ocrx_word' id='word_1_427' title='bbox 2394 3770 2704 3856; x_wconf 83' lang='lat' dir='ltr'><strong>deinceps</strong></span> <span class='ocrx_word' id='word_1_428' title='bbox 2736 3773 3093 3847; x_wconf 86' lang='lat' dir='ltr'><strong>omittitur,</strong></span> <span class='ocrx_word' id='word_1_429' title='bbox 3142 3771 3427 3860; x_wconf 83' lang='lat' dir='ltr'><strong>demptis</strong></span> 
     </span>
     <span class='ocr_line' id='line_1_76' title="bbox 1928 3868 3425 3955; baseline 0.003 -22"><span class='ocrx_word' id='word_1_430' title='bbox 1928 3871 2146 3934; x_wconf 83' lang='lat' dir='ltr'><strong>numis</strong></span> <span class='ocrx_word' id='word_1_431' title='bbox 2197 3868 2449 3955; x_wconf 85' lang='lat' dir='ltr'><strong>aliquot</strong></span> <span class='ocrx_word' id='word_1_432' title='bbox 2490 3887 2601 3935; x_wconf 85' lang='lat' dir='ltr'><strong>aut</strong></span> <span class='ocrx_word' id='word_1_433' title='bbox 2651 3871 3154 3951; x_wconf 80' lang='lat' dir='ltr'><strong>semibarbaris,</strong></span> <span class='ocrx_word' id='word_1_434' title='bbox 3200 3889 3308 3939; x_wconf 85' lang='lat' dir='ltr'><strong>aut</strong></span> <span class='ocrx_word' id='word_1_435' title='bbox 3341 3876 3425 3946; x_wconf 78' lang='lat' dir='ltr'><strong>de</strong></span> 
     </span>
     <span class='ocr_line' id='line_1_77' title="bbox 1926 3973 3427 4059; baseline 0.004 -25"><span class='ocrx_word' id='word_1_436' title='bbox 1926 3973 2414 4057; x_wconf 85' lang='lat' dir='ltr'><strong>permutatione</strong></span> <span class='ocrx_word' id='word_1_437' title='bbox 2450 3973 2794 4036; x_wconf 85' lang='lat' dir='ltr'><strong>matricum</strong></span> <span class='ocrx_word' id='word_1_438' title='bbox 2829 3973 3173 4059; x_wconf 78' lang='lat' dir='ltr'><strong>suspectis.</strong></span> <span class='ocrx_word' id='word_1_439' title='bbox 3230 3978 3318 4040; x_wconf 79' lang='lat' dir='ltr'><strong>At</strong></span> <span class='ocrx_word' id='word_1_440' title='bbox 3350 3976 3427 4039; x_wconf 76' lang='lat' dir='ltr'><strong>ti-</strong></span> 
     </span>
     <span class='ocr_line' id='line_1_78' title="bbox 1928 4072 3425 4152; baseline 0.003 -13"><span class='ocrx_word' id='word_1_441' title='bbox 1928 4072 2108 4139; x_wconf 86' lang='lat' dir='ltr'><strong>tulus</strong></span> <span class='ocrx_word' id='word_1_442' title='bbox 2140 4073 2414 4152; x_wconf 70' lang='lat' dir='ltr'><strong>Felicis,</strong></span> <span class='ocrx_word' id='word_1_443' title='bbox 2459 4074 2515 4136; x_wconf 88' lang='lat' dir='ltr'><strong>si</strong></span> <span class='ocrx_word' id='word_1_444' title='bbox 2548 4075 2779 4138; x_wconf 88' lang='lat' dir='ltr'><strong>citatos</strong></span> <span class='ocrx_word' id='word_1_445' title='bbox 2815 4074 3137 4140; x_wconf 83' lang='lat' dir='ltr'><strong>maximae</strong></span> <span class='ocrx_word' id='word_1_446' title='bbox 3171 4076 3425 4143; x_wconf 77' lang='lat' dir='ltr'><strong>formae</strong></span> 
     </span>
     <span class='ocr_line' id='line_1_79' title="bbox 1926 4173 3428 4253; baseline 0.001 -12"><span class='ocrx_word' id='word_1_447' title='bbox 1926 4195 2162 4241; x_wconf 83' lang='lat' dir='ltr'><strong>numos</strong></span> <span class='ocrx_word' id='word_1_448' title='bbox 2213 4173 2470 4253; x_wconf 81' lang='lat' dir='ltr'><strong>demas,</strong></span> <span class='ocrx_word' id='word_1_449' title='bbox 2536 4175 2603 4238; x_wconf 90' lang='lat' dir='ltr'><strong>in</strong></span> <span class='ocrx_word' id='word_1_450' title='bbox 2660 4175 2846 4240; x_wconf 91' lang='lat' dir='ltr'><strong>nullo</strong></span> <span class='ocrx_word' id='word_1_451' title='bbox 2907 4176 3037 4239; x_wconf 88' lang='lat' dir='ltr'><strong>alio</strong></span> <span class='ocrx_word' id='word_1_452' title='bbox 3082 4195 3197 4241; x_wconf 87' lang='lat' dir='ltr'><strong>seu</strong></span> <span class='ocrx_word' id='word_1_453' title='bbox 3246 4198 3428 4242; x_wconf 85' lang='lat' dir='ltr'><strong>com-</strong></span> 
     </span>
    </p>
   </div>
   <div class='ocr_carea' id='block_1_15' title="bbox 1929 4277 3554 4366">
    <p class='ocr_par' dir='ltr' id='par_1_19' title="bbox 1929 4277 3554 4366">
     <span class='ocr_line' id='line_1_80' title="bbox 1929 4277 3554 4366; baseline 0.002 -25"><span class='ocrx_word' id='word_1_454' title='bbox 1929 4277 2121 4342; x_wconf 85' lang='lat' dir='ltr'><strong>matis</strong></span> <span class='ocrx_word' id='word_1_455' title='bbox 2178 4277 2501 4366; x_wconf 76' lang='lat' dir='ltr'><strong>Romani,</strong></span> <span class='ocrx_word' id='word_1_456' title='bbox 2578 4297 2696 4341; x_wconf 88' lang='lat' dir='ltr'><strong>seu</strong></span> <span class='ocrx_word' id='word_1_457' title='bbox 2760 4277 3104 4366; x_wconf 75' lang='lat' dir='ltr'><strong>peregrini</strong></span> <span class='ocrx_word' id='word_1_458' title='bbox 3156 4278 3422 4365; x_wconf 79' lang='lat' dir='ltr'><strong>legitur.</strong></span> <span class='ocrx_word' id='word_1_459' title='bbox 3539 4303 3554 4310; x_wconf 92' lang='lat'><strong>··</strong></span> 
     </span>
    </p>
   </div>
   <div class='ocr_carea' id='block_1_16' title="bbox 3007 4475 3406 4491">
    <p class='ocr_par' dir='ltr' id='par_1_20' title="bbox 3007 4475 3406 4491">
     <span class='ocr_line' id='line_1_81' title="bbox 3007 4475 3406 4491; baseline 0 1093"><span class='ocrx_word' id='word_1_460' title='bbox 3007 4475 3406 4491; x_wconf 95' lang='lat' dir='ltr'><strong> </strong></span> 
     </span>
    </p>
   </div>
   <div class='ocr_carea' id='block_1_17' title="bbox 2257 4593 3428 4683">
    <p class='ocr_par' dir='ltr' id='par_1_21' title="bbox 2257 4593 3428 4683">
     <span class='ocr_line' id='line_1_82' title="bbox 2257 4593 3428 4683; baseline -0.002 -22"><span class='ocrx_word' id='word_1_461' title='bbox 2257 4602 2326 4680; x_wconf 86' lang='lat' dir='ltr'><strong>d)</strong></span> <span class='ocrx_word' id='word_1_462' title='bbox 2345 4603 2629 4663; x_wconf 77' lang='lat' dir='ltr'><strong>Muratori</strong></span> <span class='ocrx_word' id='word_1_463' title='bbox 2653 4623 2725 4683; x_wconf 76' lang='lat' dir='ltr'><strong>p.</strong></span> <span class='ocrx_word' id='word_1_464' title='bbox 2758 4593 2968 4679; x_wconf 53' lang='lat' dir='ltr'><strong>459s4.</strong></span> <span class='ocrx_word' id='word_1_465' title='bbox 3115 4602 3178 4674; x_wconf 83' lang='lat' dir='ltr'><strong>e)</strong></span> <span class='ocrx_word' id='word_1_466' title='bbox 3207 4599 3428 4662; x_wconf 80' lang='lat' dir='ltr'><strong>Gruter</strong></span> 
     </span>
    </p>
   </div>
   <div class='ocr_carea' id='block_1_18' title="bbox 2798 4786 2928 4849">
    <p class='ocr_par' dir='ltr' id='par_1_22' title="bbox 2798 4786 2928 4849">
     <span class='ocr_line' id='line_1_83' title="bbox 2798 4786 2928 4849; baseline -0.023 0"><span class='ocrx_word' id='word_1_467' title='bbox 2798 4786 2928 4849; x_wconf 84' lang='lat' dir='ltr'><strong>Nn</strong></span> 
     </span>
    </p>
   </div>
  </div>
 </body>
</html>
