4475 5584
1049 462 1197 544 εδει

1049 662 1200 707 rum
1245 638 1504 704 valeant
1537 636 1783 702 Daciae
1819 634 2054 716 numi,
2100 653 2174 704 ut
2219 639 2288 702 in
2346 638 2543 725 hujus

1038 756 1307 806 moneta
1367 738 1628 825 prolixe
1682 739 2014 823 probavi,
2074 744 2296 804 tamen
2355 761 2545 826 prae-

1045 864 1196 908 sens
1242 860 1481 904 numus
1529 842 1679 923 plus
1730 840 1903 905 valet
1945 855 2339 927 propterea,
2384 863 2545 927 quo-

1045 945 1223 1008 niam
1288 938 1430 1026 ej'us
1491 961 1720 1004 aversa
1779 960 2186 1028 nequaquam
2234 963 2319 1006 ex
2364 957 2544 1006 ante-

1045 1043 1349 1110 cedentis
1396 1043 1813 1126 imperatoris
1857 1044 2129 1105 matrice
2172 1044 2544 1108 Aemiliano

1046 1144 1369 1232 applicari
1414 1144 1672 1226 potuit,
1754 1164 1922 1226 quae
1973 1144 2120 1207 sere
2173 1144 2366 1208 unica
2417 1143 2545 1207 fuit

1045 1249 1218 1312 ratio
1269 1258 1369 1309 tot
1416 1263 1722 1307 errorum
1769 1245 1837 1306 in
1881 1245 2125 1309 Daciae
2167 1259 2459 1311 moneta.

1070 1372 1078 1381 ·
1151 1353 1355 1427 ‚Haec
1391 1347 1730 1431 utriusque
1767 1346 2093 1430 opinionis
2124 1347 2542 1412 incommoda

1047 1445 1202 1520 cum
1250 1434 1511 1517 videret
1555 1448 2027 1523 Mazzolenus‚
2089 1470 2270 1511 suam
2313 1470 2546 1512 rursus

1047 1551 1414 1622 doctrinam
1463 1552 1812 1635 proponit,
1856 1550 1939 1613 ab
1980 1550 2119 1625 his,
2165 1564 2235 1613 ut
2281 1550 2546 1614 sibimet

1039 1656 1171 1742 ipsi
1196 1656 1521 1741 palpatur,
1558 1652 1880 1718 molestiis
1901 1664 2109 1715 totum
2142 1651 2431 1714 immune
2464 1656 2545 1729 ⁸).

1041 1761 1212 1824 Nam
1256 1778 1382 1842 pro
1423 1767 1700 1838 recepto
1746 1775 1866 1818 suo
1909 1753 2279 1817 tribunatus
2317 1772 2547 1816 nume·

1047 1859 1241 1924 randi
1296 1857 1535 1931 modo,
1599 1876 1797 1941 quem
1850 1855 2008 1918 aiibi
2055 1855 2250 1917 latius
2304 1875 2548 1939 propo-

1043 1981 1318 2037 nemus,
1365 1955 1822 2022 Trebonianus
1865 1956 2134 2019 ineunte
2179 1957 2542 2020 Decembri

901 2094 948 2121 .·
1054 2071 1219 2138 1004
1266 2060 1481 2124 dietus
1534 2059 1867 2142 Augustus
1923 2057 2324 2121 tribunatum
2386 2079 2540 2122 mox

1041 2162 1308 2229 iteravit
1358 2161 1465 2224 die
1514 2160 1597 2222 X.
1652 2156 1948 2242 ejusdem
1999 2160 2266 2223 mensis.
2350 2162 2542 2223 Anno

1041 2278 1347 2332 vertente
1393 2260 1548 2326 trib.
1594 2272 1988 2344 potestatem
2033 2260 2145 2321 111.
2188 2274 2292 2324 est
2332 2261 2546 2346 auspi-

1048 2381 1253 2435 catus.
1317 2366 1651 2451 Sequente
1689 2381 1857 2424 anno
1901 2363 2059 2426 noob
2090 2381 2318 2426 mense
2355 2364 2543 2425 Iunio

1041 2466 1398 2535 rebellavit
1441 2465 1866 2530 Aemilianus.
1931 2463 2247 2527 Caeditur
2292 2463 2544 2529 Tre‘bo·

1042 2572 1276 2634 nianus
1320 2568 1588 2632 circiter
1623 2582 1905 2633 exeunte
1941 2565 2342 2645 Novembri,
2390 2588 2539 2630 eum

1037 2673 1256 2758 parati
1313 2673 1449 2757 'jam
1505 2686 1730 2737 essent
1787 2668 1972 2733 numi
2030 2669 2366 2732 tribunatu
2408 2670 2538 2749 lv.

1043 2775 1289 2852 notati,
1349 2789 1421 2836 et
1469 2774 1577 2838 die
1617 2778 1703 2838 X.
1753 2770 2540 2856 Decembriserogandi.

1043 2877 1281 2941 Paullo
1354 2891 1506 2961 post
1569 2876 1830 2939 labente
1901 2873 2115 2939 adhuc
2173 2873 2542 2939 ‘Decembri

1041 2977 1342 3041 caeditur
1403 2997 1664 3063 quoque
1721 2975 2162 3053 Aemilianus,
2231 2990 2299 3039 et
2348 2975 2544 3042 Vale·

1042 3082 1214 3143 riani
1250 3078 1636 3144 oeensulatui
1685 3076 1770 3141 ad
1820 3078 2154 3160 proximas
2204 3075 2541 3139 Kalendas

1037 3186 1179 3247 Ian.
1227 3182 1448 3246 locum
1491 3168 1670 3243 facit.
1713 3178 2139 3244 Sententiam
2187 3202 2366 3242 suam
2417 3192 2543 3243 sta·

1037 3283 1239 3349 bilire
1289 3282 1519 3344 nititur
1580 3281 1867 3364 primum
1921 3279 2136 3343 numia
2185 3278 2539 3349 viminacii

1042 3402 1113 3447 et
1148 3382 1430 3459 Daciae,
1476 3384 1716 3453 deinde
1755 3403 1957 3445 numo
2001 3383 2349 3461 Aemiliani
2394 3382 2545 3444 Ale·

1043 3485 1366 3548 xandrino
1398 3506 1546 3549 eum
1586 3504 1755 3547 anno
1785 3486 1884 3560 B,
1930 3484 2044 3573 qui
2078 3504 2283 3546 annus
2316 3486 2392 3547 11.
2423 3483 2544 3545 ini·

1038 3586 1136 3650 vit
1169 3585 1277 3648 die
1309 3587 1391 3648 X.
1432 3584 1825 3649 Decembris
1860 3607 1996 3674 una
2019 3604 2167 3651 cum
2205 3585 2541 3653 tribunatu
2574 3588 2579 3593 '

1037 3690 1302 3752 iterato.
1348 3688 1656 3773 Denique
1686 3686 2070 3784 pervenisse
2098 3687 2560 3753 Aemilianum.

1036 3791 1125 3858 ed
1175 3792 1330 3856 Kal.
1388 3793 1522 3853 Ian.
1580 3788 1732 3853 anni
1791 3788 2158 3874 sequentis,
2223 3801 2335 3852 aut
2387 3809 2541 3873 pro·

1033 3893 1212 3958 xime
1280 3893 1515 3957 saltem
1573 3890 1656 3956 ad
1692 3881 1815 3954 'eas
1872 3891 2230 3963 accessisse
2291 3887 2539 3983 adserit

1034 4001 1317 4081 propter
1347 4015 1583 4061 numos
1615 3992 1966 4087 Aemili-ani
2003 3992 2352 4062 Viminaeii
2389 4012 2541 4057 cum

1035 4120 1208 4164 anuo
1238 4099 1414 4169 V111.
1453 4099 1779 4185 signatos,
1825 4094 1939 4181 qui
1971 4091 2333 4178 respondet
2368 4112 2540 4158 anno

1034 4201 1119 4269 V.
1164 4202 1239 4265 C.
1291 4219 1478 4280 noo7.

1162 4299 1364 4403 Quod
1395 4299 1621 4365 facere
1657 4300 1874 4369 solent
1909 4296 2192 4375 medici,
2238 4296 2349 4382 qui
2384 4316 2537 4360 cum

1034 4405 1119 4470 de
1145 4403 1519 4488 languentis
1553 4400 1926 4469 valetudine
1963 4399 2347 4482 desperant,
2392 4397 2537 4462 nul-

1038 4506 1179 4570 lum
1213 4526 1348 4569 non
1385 4502 1756 4569 remedium
1791 4514 2365 4588 quantumcunque
2399 4497 2537 4565 vio·

1116 4721 1184 4793 a)
1218 4716 1533 4795 Animadv.
1574 4715 1649 4775 de
1681 4711 1827 4781 trib.
1852 4723 1975 4789 pot·
2004 4731 2069 4790 p.
2107 4723 2231 4777 1:⁹4.

2179 404 3047 531 TRnBonNVS.
3090 461 3117 475 ²

2657 638 2909 703 lentum
2962 637 3357 723 permissum
3411 639 3538 702 sibi
3583 636 4023 716 arbitrantur,
4085 637 4158 702 id

2656 739 2880 804 facere
2924 760 3186 824 quoque
3228 740 3659 805 Mazzolenns
3701 741 3769 803 in
3807 738 4153 826 desperata

2658 863 2775 904 sua
2821 861 3015 905 causa
3061 840 3362 906 instituit.
3425 831 3739 905 Modicus
3777 862 3897 905 ero
3944 842 4017 903 in
4069 862 4147 905 eo

2658 941 3005 1029 refutando
3057 963 3206 1007 cum
3260 958 3535 1028 propter
3583 942 3922 1017 brevitatis
3975 943 4153 1006 insti·

2660 1059 2906 1122 tutum,
2955 1058 3090 1106 tum
3128 1043 3306 1130 quod
3339 1045 3703 1128 generatim
3742 1045 3883 1128 ejus
3919 1047 4003 1109 de
4036 1047 4153 1109 ite·

2657 1160 2796 1209 rata
2816 1144 3097 1239 1Y.·idus
3123 1149 3287 1215 Dec.
3320 1145 3473 1208 trib.
3504 1159 3828 1231 potestate
3857 1145 4150 1212 doctrina

2657 1249 2933 1313 lahorat.
3238 1270 3245 1275 ·

2771 1352 2834 1412 1.
2880 1352 3092 1416 Nemo
3123 1371 3257 1414 non
3288 1350 3502 1428 videt,
3540 1347 3624 1413 ad
3656 1346 4002 1413 arbitrium
4036 1346 4150 1414 fin·

2662 1451 2769 1536 gi,
2831 1452 3010 1535 quod
3057 1450 3140 1515 de
3184 1451 3439 1527 numia,
3500 1449 3613 1536 qui
3652 1450 3830 1515 Galli
3867 1452 4149 1518 tribuna·

2659 1566 2800 1616 tum
2834 1554 2944 1621 lv.
2979 1553 3401 1635 praeferunt,
3458 1552 3705 1617 dudum
3754 1553 4149 1637 paratisad·

2660 1653 2848 1717 serit.
2905 1654 3211 1719 Dandum
3246 1654 3423 1719 forte
3459 1655 3674 1730 istud,
3722 1654 3778 1716 si
3813 1656 4008 1741 hujus
4044 1677 4149 1740 ge·

2659 1756 2840 1817 neris
2875 1760 3040 1819 unu‘s
3070 1757 3322 1821 alterve
3357 1771 3605 1821 tantum
3644 1759 4000 1833 existeret,
4044 1775 4151 1821 ve·

2658 1877 2806 1919 rum
2845 1855 3024 1919 aliud
3064 1872 3292 1944 aperte
3331 1856 3563 1920 suadet.
3598 1856 3840 1920 horum
3877 1859 4149 1943 insignis

2656 1979 2989 2021 numerus.
3046 1961 3129 2021 11.
3162 1963 3419 2025 Novum
3447 1955 3530 2021 ad
3561 1978 3821 2022 causam
3852 1979 4152 2043 compro·

2656 2057 2935 2123 bandum
2973 2061 3472 2125 Alexandrinae·
3498 2061 3789 2145 epochae
3824 2060 4148 2125 calculum

2659 2162 3029 2240 constituit,
3068 2163 3221 2226 dum
3257 2161 3451 2246 hujus
3480 2180 3684 2225 annos
3714 2160 3795 2227 ad
3826 2164 4149 2226 rationem

2657 2263 2813 2345 trib.
2850 2265 3191 2349 potestatis
3232 2264 3438 2327 fuisse
3488 2279 3752 2328 exactos
3790 2263 4149 2349 praedicat,

2659 2365 2838 2453 quod
2904 2381 3362 2450 argumentum
3427 2365 3496 2427 in
3554 2383 3820 2431 moneta
3868 2368 4150 2431 Alexan·

2658 2468 2846 2531 drina
2905 2468 3174 2554 copiose
3234 2468 3526 2532 tractavi.
3608 2471 3698 2533 At
3756 2470 3932 2532 enim
3995 2469 4149 2534 dum
4248 2540 4255 2543 ,

2656 2570 2989 2634 variorum
3051 2568 3289 2633 dictata
3351 2583 3620 2647 everto,
3691 2556 3870 2656 quod
3929 2571 4147 2646 facile,

2657 2686 2887 2748 erunt,
2957 2672 3070 2755 qui
3121 2674 3441 2767 aptiorem
3505 2695 3542 2737 a
3596 2692 3703 2735 me
3760 2669 4147 2747 doctrinam,

2658 2775 2997 2859 magisque
3060 2772 3619 2841 adcommodatam
3687 2774 3771 2837 ad
3824 2775 4145 2838 rationem

2658 2884 3031 2959 temporum
3080 2898 3115 2939 a
3163 2897 3269 2939 me
3312 2875 3690 2961 requirent,
3736 2875 3915 2961 quod
3957 2875 4029 2938 in
4072 2896 4148 2939 ea

2658 2977 2982 3061 caligine,
3027 2998 3379 3040 numorum
3417 2976 3558 3060 ejus
3606 2978 3835 3041 aetatis
3878 2998 4013 3040 non
4048 2998 4147 3039 ra·

2656 3099 2736 3140 ro
2765 3078 3100 3162 perversis
3137 3078 3418 3162 legibus,
3442 3078 3948 3155 historicorum,
3984 3099 4146 3165 quos

2655 3178 3009 3243 historicos
3058 3200 3216 3245 vere
3267 3180 3545 3257 dixeris,
3591 3182 3842 3265 inopia,
3890 3201 4147 3244 eorum·

2655 3301 2819 3365 que,
2855 3280 2966 3365 qui
3004 3296 3387 3363 supersunt,
3420 3282 3856 3370 pugnantibus
3889 3296 4148 3345 senten-

2657 3381 2768 3444 tiis
2818 3395 3153 3465 praestare
3203 3395 3267 3444 te
3319 3406 3514 3467 posse
3565 3384 3760 3467 plane
3805 3383 4143 3468 desperes.

2655 3485 2747 3550 Vt
2777 3498 2995 3546 tamen
3024 3484 3287 3571 aliquod
3320 3505 3539 3548 meum
3571 3486 3906 3568 specimen
3934 3487 4143 3560 edam,

2653 3585 2800 3669 ejus
2850 3585 3163 3669 temporis
3214 3585 3536 3650 rationem
3588 3606 3713 3670 per
3767 3588 4146 3672 probabiles

2655 3685 3072 3767 conjecturas
3119 3707 3201 3750 ex
3253 3687 3470 3750 numis
3520 3685 3864 3766 definiam,
3910 3690 4007 3753 sic
4058 3701 4147 3753 ta-

2655 3808 2846 3863 men,
2909 3802 2981 3851 ut
3035 3787 3282 3851 Daciae
3339 3810 3413 3851 ac
3470 3789 3821 3858 Viminaeii
3886 3811 4141 3865 numos,

2655 3889 2802 3974 qui,
2846 3875 2939 3951 ut*
2971 3890 3039 3955 in
3089 3890 3326 3952 horum
3383 3904 3643 3954 moneta
3700 3882 4141 3976 comprobari,

2655 3991 2964 4074 spectatis
3002 3992 3309 4075 epochae
3362 3992 3548 4055 annis
3611 4014 3806 4076 saepe
3860 3993 4142 4077 turpiter

2652 4091 2927 4169 fallunt,
2973 4093 3040 4155 in
3081 4107 3217 4158 tota
3242 4094 3373 4158 hac
3410 4116 3603 4160 causa
3640 4094 3755 4158 vix
3784 4095 4141 4161 audiendos

2651 4207 2900 4277 putem.

2776 4295 2902 4378 Ajo
2933 4294 3157 4380 igitur,
3190 4296 3593 4360 Treboniani
3617 4297 3969 4382 imperium
3996 4315 4137 4361 sese

2648 4417 2887 4461 revera
2933 4397 3001 4458 in
3052 4420 3287 4463 annum
3331 4401 3409 4468 V.
3449 4401 3520 4463 C.
3564 4419 3722 4480 too7
3784 4403 3860 4463 P.
3892 4402 3979 4465 X.
4016 4401 4136 4475 254

2648 4502 2998 4585 porrigere
3038 4499 3459 4563 suadentibus
3504 4499 3682 4564 istud
3715 4500 3859 4584 ejus
3904 4521 3981 4565 ae
4012 4501 4139 4567 Vo-
