4475 5584
1203 458 1290 529 L.
1394 445 2055 529 SEPTIMIVS
2157 448 2731 527 SEVERVS.

1164 638 1206 679 Q

698 847 1061 908 laureatum
1094 847 1168 906 in
1198 847 1349 908 AV.
1382 849 1524 910 AB.
1558 848 1703 909 ἈΕ.

405 946 487 1007 Β.
624 1000 633 1009 .
698 944 1014 1012 SEVER.
1047 948 1119 1008 Ρ.
1169 948 1371 1015 AVG.
1413 951 1490 1012 P.
1523 948 1616 1012 M.
1662 944 1911 1008 TR.P.

3341 436 3510 546 ‘181

2022 634 2330 719 quoniam
2379 634 2546 698 haec
2580 648 2753 699 astra
2801 648 3068 704 aeterna
3103 644 3393 722 medita,
3450 663 3522 714 et

692 739 1120 811 SEVERVS.
1163 742 1382 811 PlVS.
1425 741 1633 810 AVG.
1709 735 1912 822 Capu?
2022 736 2375 799 aeternitas
2421 736 2580 820 ipsis
2628 737 2825 802 etiam
2867 742 3181 825 Augustis
3237 760 3348 808 aut
3411 749 3526 812 ad

2023 834 2213 917 fieta,
2236 852 2348 902 aut.
2383 853 2553 904 vota.
2602 840 2712 904 Sic
2757 840 2824 903 in
2869 848 3266 926 praeclara
3247 852 3524 938 inserip-

2027 939 2208 1002 tione
2249 941 2519 1007 Gruteri
2555 944 2648 1027 ⁰),
2710 966 2877 1032 quae
2922 948 3334 1033 cumprimis
3354 950 3521 1019 baec

695 1046 1001 1112 Χ.008.
1043 1049 1159 1114 111.
1209 1052 1414 1132 Caput
1447 1053 1807 1115 laureatum
1841 1051 1915 1109 ia
2026 1054 2251 1105 nostra
2335 1043 2658 1122 illustrat,
2734 1047 3015 1131 legitur·
3093 1050 3318 1115 som.
3378 1055 3529 1118 AE-

420 1250 494 1314 0.
703 1153 1128 1323 SdgVI‘iqlfVS.
1194 1252 1412 1322 PIVS.
1455 1251 1655 1322 AVG.
1700 1249 1778 1313 P.
1823 1252 1933 1311 M.

709 1355 851 1417 ΤΒ.
866 1355 941 1420 Ρ.
960 1344 1041 1416 Χ.
1078 1358 1282 1436 Caput
1313 1359 1673 1419 laureatum
1690 1355 1763 1416 ia
1772 1354 1916 1415 AB.

717 1560 802 1620 Vt
842 1563 940 1622 lit.
978 1566 1058 1626 B.
1317 1497 1358 1540 st

329 1750 340 1757 ·
418 1655 814 1726 ADVENT.
858 1661 1119 1728 AVGG.
1195 1665 1511 1738 Severus,
1559 1663 1919 1734 Caracalla,

424 1761 599 1821 Geta
630 1762 702 1822 in
719 1765 903 1844 equis
918 1806 936 1841 ,
982 1769 1265 1829 dexteris
1281 1786 1530 1829 sursum
1548 1766 1760 1828 elatis.
1780 1762 1921 1831 AV·

425 1862 643 1944 (Mus-
665 1862 878 1944 Caes.)

720 1967 806 2026 Vt
846 1970 945 2032 lit.
987 1973 1076 2033 A.

421 2062 819 2141 ADVENT.
880 2066 1143 2140 AVGG.
1224 2071 1502 2133 Severus
1563 2088 1787 2151 eques,
1859 2071 1921 2129 d.

427 2167 648 2241 elata,
696 2188 748 2229 a.
782 2170 1071 2249 hastam,
1148 2172 1366 2253 fiyuras
1398 2173 1673 2234 militari
1699 2189 1927 2254 equum

402 2268 723 2332 ducente.
764 2270 903 2333 AR.
951 2274 1144 2346 (Mus.
1183 2274 1394 2350 Caes.)

682 2370 1929 2444 CONCORDIAE.AE'1ERNAE.

726 2475 950 2552 Capita
982 2482 1258 2558 juyata,
1319 2479 1546 2540 Severi
1585 2480 1933 2553 radiatum,

716 2575 1006 2639 Domnae
1034 2582 1397 2681 impositum
1427 2582 1640 2640 lunae.

428 2670 772 2737 ANTON.
802 2675 879 2736 P.
914 2656 1114 2745 AVG.
1150 2679 1353 2745 PON.
1387 2682 1528 2741 TR.
1539 2683 1613 2743 Ρ.
1631 2679 1714 2748 V.
1736 2678 1929 2743 008.

410 2774 649 2852 caput
682 2779 1057 2843 Caracallae
1093 2784 1470 2845 laureatum.
1532 2784 1677 2849 AV.
1736 2784 1958 2855 (Mus.

432 2874 654 2954 Caes.)
730 2878 806 2939 ln
868 2878 1043 2945 alio.
1115 2876 1649 2952 ANTONINVS.
1712 2886 1859 2953 PIV
1862 2883 1930 2946 S

431 2976 642 3045 AVG.
667 2982 1069 3059 Caputz‘dem.
1092 2984 1231 3046 AR.
1248 2988 1440 3065 (Mus.
1463 2987 1646 3049 Com.
1664 2983 1931 3063 Vi‘tzai.)

568 3064 1006 3147 Concordiam
1041 3098 1416 3165 aeternam,
1460 3108 1654 3174 quam
1692 3084 1932 3151 eodem

400 3183 573 3247 ·hoe
644 3186 950 3283 tempore
994 3207 1207 3252 causa
1280 3188 1682 3253 matrimonii
1742 3190 1936 3253 Cara-

410 3287 649 3364 calla,
694 3302 761 3351 et
790 3289 1100 3353 Plautilla
1124 3305 1483 3369 voverunt,
1550 3294 1838 3356 Severus
1866 3305 1938 3354 et:

408 3392 703 3454 ·Domna
771 3391 1113 3476 proposita
1185 3394 1308 3457 hac
1349 3395 1598 3478 ‘capitis
1660 3394 1938 3476 inscrip-

432 3495 625 3558 tione
667 3506 995 3558 renovare
1043 3493 1371 3558 videntur.
1414 3497 1549 3558 Iam
1603 3516 1802 3575 vero,
1861 3509 1937 3560 ut

408 3594 808 3680 “epigraphe
856 3596 1147 3672 anticae,
1193 3596 1284 3659 ita
1320 3610 1388 3659 et
1434 3596 1718 3680 capitum
1758 3596 1827 3659 in
1864 3619 1945 3662 ea

408 3695 666 3761 -cultus
710 3697 1043 3761 -haetenus
1115 3697 1481 3761 inusitatus.
1590 3697 1941 3764 Radiatum

386 3784 393 3791 ’
441 3797 766 3883 principis
804 3800 942 3868 vivi
989 3815 1183 3885 caput
1216 3799 1348 3885 jam
1397 3801 1552 3864 inde
1605 3823 1641 3865 a
1675 3805 1944 3866 Nerone

447 3900 757 3980 obvium,
817 3915 883 3966 at
934 3924 1264 3988 nunquam
1328 3901 1544 3967 adhue
1594 3901 1665 3966 in
1722 3898 1944 3968 numia

449 4002 705 4083 aureis,
767 4017 835 4068 et
880 4005 1235 4090 argenteis.
1331 4007 1564 4091 Neque
1609 4008 1944 4089 Augustae
1998 4004 1999 4007 ’

451 4119 651 4188 caput
719 4106 1102 4191 impositum
1158 4106 1398 4184 -lunae,
1483 4107 1662 4192 quod
1716 4106 1943 4170 tritum

450 4205 768 4299 deinceps
816 4209 885 4271 in
918 4211 1363 4292 Augustarum
1398 4198 1510 4274 ¹est
1533 4210 1787 4287 numis,
1845 4229 1949 4271 us-

450 4330 584 4395 que
630 4311 838 4375 modo
892 4312 963 4374 in
1017 4308 1234 4372 numis
1292 4311 1608 4375 Romanis
1676 4330 1949 4395 conspe-

388 4462 391 4467 .
452 4425 661 4478 ctum.
769 4415 860 4477 Et
913 4412 1200 4496 placuit,
1264 4410 1441 4475 istud
1503 4415 1942 4499 Augustorum

382 4536 389 4547 ·
448 4539 575 4603 par
625 4515 847 4601 specie
890 4515 1101 4580 Solis·
1140 4526 1220 4578 et
1262 4517 1489 4579 Lunae
1544 4532 1941 4601 proponere,

2029 1144 2360 1209 TERNO.
2435 1148 2752 1216 LVNAE.
2828 1150 3035 1215 PRO.
3108 1153 3531 1220 AETERNI-

2036 1246 3527 1322 TATE.1MPER11.ET.SALV'IE.lMP.

2034 1347 2229 1410 CA·
2288 1350 2804 1416 -8Ε.ΡΤῙΜῙΙ
2853 1353 3194 1422 SEVERI.
3260 1372 3387 1422 ete.
3459 1362 3529 1425 in

2031 1450 2157 1512 alia
2186 1446 2289 1532 ¹³):
2334 1451 2659 1519 LVNAE.
2689 1456 3007 1517 AETER.
3050 1458 3288 1522 SACR.
3321 1462 3528 1528 PRO.

2037 1551 2947 1621 SALVTE.1MP.GAE8›.
3016 1559 3092 1621 L.
3146 1561 3530 1632 SEPTIMI.

2002 1653 2228 1737 xSEV.
2273 1667 2403 1720 etc.
2445 1658 2549 1717 Ex
2594 1657 2698 1721 his
2729 1659 3165 1723 marmoribus
3209 1662 3531 1745 videmus,

2039 1767 2109 1817 et
2165 1755 2309 1817 Soli
2376 1756 2735 1844 Lunaeque
2793 1762 2996 1823 tribui
3054 1767 3532 1846 aeternitatem,
3645 1786 3658 1793 ·

2040 1869 2109 1919 et
2158 1857 2502 1941 Augustis.
2532 1862 2782 1924 voveri.
2864 1856 3154 1927 Dubium
3219 1888 3353 1929 non
3383 1882 3532 1946 est,

2041 1956 2209 2022 banc
2237 1961 2572 2026 Romanos
2604 1963 2958 2049 imaginem
2986 1988 3020 2028 a
3042 1968 3377 2041 veteribus
3408 1975 3539 2043 Ae.

2044 2061 2286 2144 gyptiis
2355 2061 2560 2128 fuisse
2624 2079 2970 2130 mutuatos.
3075 2069 3277 2133 Teste
3343 2075 3533 2139 Horo

2039 2162 2354 2246 Apolline
2405 2164 2752 2248 conjuncta
2788 2167 2962 2231 Solis
3000 2182 3069 2232 et
3104 2169 3331 2235 Lunae
3363 2187 3538 2241 astra

2042 2262 2115 2325 in
2160 2264 2468 2348 glyphica
2503 2268 2982 2353 Aegyptiorum
3038 2270 3261 2356 lingua
3297 2277 3538 2340 consti-

2042 2376 2316 2428 tuerunt
2353 2367 2787 2446 elementum,
2845 2368 3025 2453 quod.
3058 2368 3276 2452 σξιωνοι,
3321 2400 3541 2443 saecu·

2047 2468 2214 2542 lum,
2275 2489 2534 2546 aevum,
2594 2475 3040 2536 aeternitatem
3090 2473 3354 2541 indicat.
3422 2482 3545 2543 Ar·

2026 2581 2432 2650 ·gumentum
2483 2571 2657 2634 istud
2689 2573 3059 2636 illustratur
3094 2576 3544 2647 etiam·numo
3609 2562 3614 2569 ⁹

2050 2666 2349 2755 Traiani,
2414 2693 2610 2757 quem
2664 2672 2986 2759 descripsi
3030 2678 3095 2738 in
3130 2678 3271 2760 ejus
3324 2683 3544 2747 numia

2049 2770 2230 2852 vagis
2282 2775 2658 2838 consulatus
2691 2779 2813 2853 V.‚
2883 2778 2949 2839 in
3021 2779 3208 2861 cujus
3273 2800 3538 2848 aversa:

2045 2869 2248 2931 AET.
2282 2875 2482 2942 AVG.
2523 2880 2760 2941 Mulier
2795 2888 2977 2940 stans
3011 2884 3071 2941 d.
3109 2894 3305 2964 capvt
3337 2886 3546 2961 Solis,

2047 2990 2100 3031 a.
2149 2975 2404 3050 Lunae,
2478 2976 2787 3041 nimirum
2837 2981 3105 3064 Trajani
3147 2985 3540 3050 aeternitate

2048 3074 2335 3137 aeternis
2369 3076 2543 3142 Solis
2577 3094 2640 3144 et
2658 3081 2888 3144 Lunae
2920 3083 3110 3147 astris
3138 3084 3540 3151 adumbrata.

2051 3175 2277 3271 Quare
2293 3180 2842 3265 quemadmodum
2858 3185 3021 3248 haee
3043 3185 3256 3250 sidera
3273 3203 3423 3252 sunt
3442 3208 3549 3253 ae-

2016 3307 2021 3313 ·
2049 3293 2273 3359 terna,
2303 3282 2393 3345 ita
2428 3303 2659 3347 eorum
2680 3286 2861 3349 cultu
2879 3287 3135 3369 Seyero
3168 3303 3231 3351 et
3247 3289 3548 3356 Domnae

2050 3382 2472 3453 commodato
2544 3385 2885 3474 utriusque
2960 3391 3550 3477 CONCORDIAM

2050 3474 2547 3555 AETERNAM
2606 3488 2892 3555 futuram
2954 3508 3313 3578 auguratur
3370 3510 3550 3560 vates

2032 3590 2480 3653 .moneta1ius·
2542 3593 2877 3656 Hactenus
2908 3597 3260 3659 aeternitas
3316 3598 3381 3659 in
3403 3599 3555 3663 ·-Au

2058 3690 2269 3772 gustis
2300 3690 2629 3770 attributi,
2694 3707 2805 3758 aut
2846 3684 3065 3760 ‘verius
3112 3692 3248 3761 voti
3284 3700 3554 3764 modum

2058 3788 2325 3868 habuit3
2405 3804 2473 3856 at
2545 3813 2857 3859 successu
2931 3800 3249 3883 temporis
3318 3823 3552 3865 verum

2058 3911 2306 3956 nomen
2346 3892 2589 3971 evasit,
2652 3915 2866 3981 eoque
2897 3899 3177 3983 Augusti
3228 3921 3353 3985 per
3399 3903 3554 3965 adu·

2060 3993 2373 4057 lationem
2459 3996 2846 4080 compellari
2915 4018 3342 4065 consuevere.
3459 4004 3554 4069 Ita

2062 4094 2493 4178 Symmachus
2556 4098 2852 4161 scribens
2898 4099 2982 4162 ad
3022 4102 3553 4169 Valentinianum

2058 4197 2432 4282 juniorem,
2493 4196 2724 4276 multis,
2786 4200 2914 4278 ait,
2998 4206 3322 4269 Victoriae
3374 4208 3562 4268 debet

2062 4304 2188 4367 ΑΕ
2196 4304 2642 4368 TERNITAS
2680 4315 2894 4366 vestra
2910 4347 2926 4380 ,
2999 4315 3070 4367 et¹
3109 4310 3319 4369 affine
3353 4311 3551 4386 plum

2060 4409 2334 4471 debebit.
2417 4406 2507 4468 Et
2550 4404 2618 4468 S.
2675 4405 3058 4473 Athanasius
3108 4407 3282 4494 apud
3346 4408 3556 4473 Sozo-

2063 4533 2330 4577 menum
2360 4514 2420 4596 c)
2481 4507 2838 4596 exprobrat
2881 4498 3025 4571 Arii
3082 4508 3546 4583 sectatoribus,

472 4656 3542 4693 Μ

532 4752 593 4822 a)
634 4750 769 4827 Pag.
804 4758 895 4816 32.
925 4760 1012 4811 to.
1160 4747 1229 4820 b)
1270 4747 1406 4824 Pag.
1439 4752 1529 4808 42.
1569 4756 1623 4806 2.

1774 4745 1834 4816 c)
1874 4742 1940 4800 L.
1970 4742 2075 4803 IV.
2116 4759 2166 4802 c.
2199 4755 2284 4808 17.
