4475 5584
1023 478 1164 558 292

1018 650 1095 709 ln
1139 645 1451 708 ultionem
1503 642 1719 706 ruenti
1764 641 2017 707 obstitit
2044 640 2386 726 Aquileia,
2432 641 2517 705 ad

1015 768 1209 834 quam
1240 746 1667 829 pertinaciter
1695 766 1840 808 sese
1861 743 2326 808 defendentem
2360 744 2514 807 dum

1017 848 1285 932 longius
1344 846 1698 925 adhaeret,
1760 869 1797 910 a
1859 846 2178 910 militibus
2237 858 2514 930 propter

1021 950 1330 1013 crudeles
1402 970 1621 1011 mores
1673 962 1741 1011 et
1802 966 2095 1011 annonae
2167 948 2513 1031 penuriam

1021 1045 1161 1113 sibi'
1185 1050 1368 1113 iratis
1419 1067 1547 1111 una
1592 1068 1740 1112 cum
1775 1046 1914 1110 filio
1947 1049 2232 1110 Maximo
2269 1048 2515 1111 occidi·

1018 1167 1155 1214 tur.
1215 1153 1351 1214 Cur
1389 1151 1607 1214 omnia
1643 1150 1808 1214 haec
1839 1149 2008 1214 facta
2043 1164 2274 1213 contra
2320 1149 2516 1212 chro-

1014 1254 1416 1334 nologorum
1464 1251 1753 1314 omnium
1805 1251 2189 1314 sententiam
2238 1251 2305 1312 in
2339 1250 2513 1316 hunc

1017 1375 1258 1415 annum
1321 1352 1761 1437 conjecerim,
1832 1349 2006 1414 infra
2062 1352 2234 1416 ratio
2313 1370 2514 1437 expe-

1017 1456 1257 1517 dietur.
1342 1442 1346 1446 ⁴

1138 1554 1353 1637 Hujus
1390 1554 1705 1639 principis
1752 1574 1971 1618 mores
2007 1554 2213 1639 magis
2249 1576 2330 1618 ex
2369 1555 2510 1620 bel·

1015 1657 1203 1732 luae,
1250 1675 1443 1750 quam
1488 1655 1772 1718 hominis
1810 1658 2078 1740 ingenio
2116 1660 2329 1721 fuere.
2375 1662 2510 1720 lam

972 1702 1203 1824 'istud'
1246 1778 1327 1820 ex
1368 1756 1742 1819 belluarum
1787 1779 2005 1834 more,
2051 1757 2229 1842 quod
2277 1758 2513 1821 monti-

1012 1862 1139 1924 bus
1177 1857 1530 1921 innutritus
1564 1857 1802 1941 perdiu
1839 1859 2011 1923 intra
2044 1858 2209 1930 haec
2238 1858 2511 1922 latibula

1008 1963 1210 2023 vitam
1270 1972 1530 2041 egerat,
1593 1973 1937 2044 antequam
1983 1962 2050 2024 in
2098 1962 2246 2023 loca
2295 1962 2508 2044 plana,

985 2063 1320 2159 cultaque
1383 2074 1781 2143 emergeret.
1859 2065 2100 2178 Neque
2162 2082 2324 2124 vero
2387 2083 2508 2145 per

1013 2151 1316 2245 corporis
1367 2161 1650 2235 molem,
1696 2176 1764 2223 et
1809 2163 2050 2225 virium
2094 2161 2505 2227 incredibilia

1010 2261 1469 2347 experimenta
1502 2260 1787 2323 belluam
1824 2280 1925 2325 est
1962 2262 2308 2342 inficiatus,
2341 2283 2507 2348 quae

1006 2377 1225 2452 tantae
1288 2361 1514 2438 fuere,
1579 2374 1652 2423 ut
1700 2364 1907 2450 vulgo
1962 2367 2127 2430 Milo
2167 2368 2509 2431 Crotonia-

930 2545 937 2554 ἐ
1006 2481 1147 2539 tes,
1194 2463 1560 2539 Hercules,
1598 2463 1886 2529 Antaeus
1916 2483 2302 2545 vocaretur,
2347 2490 2506 2553 quas

1007 2587 1143 2630 non
1190 2586 1340 2628 raio
1392 2565 1459 2626 in
1507 2564 1613 2628 die
1662 2568 1794 2629 tini
1827 2571 2191 2655 Capitolina
2238 2571 2518 2654 ampho-,

1006 2692 1119 2743 ra,
1181 2682 1250 2731 et
1303 2667 1651 2752 sexaginta*
1687 2668 1876 2732 libris
1923 2673 2136 2735 carnis
2191 2683 2508 2733 sustenta·

1010 2769 1103 2831 vit
1162 2772 1244 2850 ⁸).
1332 2770 1547 2852 Atque
1609 2768 1736 2833 hoc
1794 2774 2097 2856 eorporis
2156 2773 2260 2836 s'ui
2304 2773 2499 2835 modo

1009 2892 1160 2935 cum
1208 2870 1278 2932 in
1326 2872 1526 2933 risum
1558 2873 1797 2956 'aeque
1841 2872 2234 2959 jocumque,
2283 2894 2359 2937 ac
2401 2874 2503 2938 sui

1010 2972 1649 3037 commendationem
1700 2989 2037 3053 uteretur,
2098 2975 2291 3040 brevi
2344 2975 2506 3039 effe-

1010 3076 1141 3150 cit,
1189 3088 1257 3137 ut
1314 3094 1443 3134 non
1502 3074 1697 3137 modo
1747 3078 2071 3162 gratiosus
2107 3077 2280 3161 apud
2328 3079 2505 3162 prin-

1009 3176 1230 3259 cipes,
1298 3187 1364 3236 et
1424 3175 1978 3260 contubernales,
2052 3180 2170 3241 sed
2226 3193 2503 3264 propter

1008 3274 1466 3339 fortitudinem
1503 3275 1682 3336 utilis
1718 3277 1911 3338 etiam
1940 3279 2105 3364 reip.
2138 3293 2351 3354 esset,
2388 3277 2505 3341 fie-

1005 3391 1245 3460 retque
1284 3375 1496 3437 indies
1539 3376 1608 3438 in
1666 3396 1742 3438 re
1796 3379 2062 3442 militari
2114 3381 2320 3465 magis
2358 3400 2504 3462 spe-

1008 3477 1287 3566 ctabilis.
1380 3479 1627 3538 Tamen
1672 3477 1835 3541 haec
1887 3477 2198 3554 ferenda,
2264 3482 2500 3565 partim

1007 3571 1221 3642 etiam‘
1250 3575 1572 3638 laudanda
1629 3576 1942 3657 fuissent,
2000 3582 2127 3644 nisi
2173 3580 2501 3644 membro·

1002 3701 1152 3742 rum
1197 3669 1425 3739 sei-itas
1473 3674 1539 3737 in
1581 3698 1801 3742 mores
1843 3682 2041 3745 etiam
2072 3683 2499 3752 transivisset.

1009 3781 1222 3876 Quam
1269 3779 1386 3841 ille
1433 3777 1727 3862 ingratus
1772 3783 1845 3844 in'
1877 3783 2322 3847 Alexandrum
2374 3785 2499 3848 sibi

902 3905 919 3920 ’
1009 3880 1421 3956 beneficum,
1501 3902 1577 3944 ac
1639 3882 1928 3945 crudelis
1988 3884 2226 3963 fuerit,
2305 3909 2499 3971 supra

1010 3982 1455 4069 exposuimus.
1502 3986 1659 4044 Mox
1703 3982 1962 4061 audito,
2008 3987 2356 4072 imperium
2420 3987 2498 4049 ab

1006 4106 1090 4150 eo
1124 4086 1329 4149 fuisse
1370 4099 1795 4169 occupatum,
1830 4101 2003 4148 tanta
2022 4091 2272 4151 Romae
2307 4109 2498 4172 prop·

1003 4203 1111 4253 ter
1173 4185 1497 4270 cognitam
1572 4187 1716 4269 ejus
1768 4183 2099 4252 feritatem
2147 4190 2500 4274 trepidatio

1005 4289 1172 4365 fuit,
1216 4301 1290 4350 ut
1320 4286 1559 4369 passim
1598 4303 1745 4351 vota
1775 4289 1842 4350 in
1886 4290 2151 4375 templis
2198 4291 2503 4375 concipe·

1005 4404 1276 4464 rentur,
1320 4407 1404 4450 ne
1461 4387 1695 4450 urbem
1753 4412 2039 4475 unquam
2095 4391 2273 4456 istud
2322 4412 2505 4455 mon-

1011 4505 1219 4556 strum
1248 4489 1524 4554 videret.
1569 4495 1800 4577 Neque
1820 4491 2171 4558 frustratus
2207 4507 2307 4557 est
2326 4515 2503 4557 com·

2148 455 2852 552 MA‚x1M1st
2921 452 2982 526 1.

2631 659 2893 706 munem
2960 634 3140 701 orbis
3209 632 3584 720 opinionem
3661 632 3914 698 vexatis
3975 650 4127 718 pro-

2628 756 2780 827 pter
2810 739 3258 803 inexhaustam
3297 737 3714 821 cupiditatem
3743 732 4123 819 provinciis,

2629 841 2836 906 caesis
2906 843 3094 905 nullo
3156 839 3576 915 discrimine,
3655 857 3933 922 quorum
4006 832 4137 917 [sut

2628 943 2998 1027 suspectior
3043 940 3250 1018 fides,
3314 941 3444 1004 aut*
3482 933 3793 1025 pinguior
3834 938 4121 1014 fortuna,

2629 1059 2738 1109 aut
2782 1043 3018 1130 quibus
3057 1045 3391 1130 primaeva
3445 1063 3559 1105 sua
3596 1040 3982 1123 ignobilitas
4013 1060 4128 1104 co·

2630 1147 2814 1231 gnita
2876 1146 3148 1217 fuisset.
3206 1123 3515 1208 nimirum
3568 1142 3677 1207 cui
3734 1160 4120 1225 persuasum

2627 1248 2881 1324 fuerat,
2928 1261 3000 1311 ut
3022 1248 3362 1334 professus
3412 1258 3512 1309 est
3546 1244 3725 1328 ipse,
3766 1242 4114 1326 imperium

2626 1349 2756 1411 nisi
2797 1351 3188 1414 crudelitate
3233 1347 3447 1411 teneri
3504 1366 3635 1408 non
3686 1365 3928 1430 posse}
3991 1365 4122 1430 quo

2621 1451 2908 1528 factum,
2943 1466 3046 1529 ut,
3095 1471 3262 1537 quae
3306 1450 3630 1513 dirissima
3662 1460 3847 1510 vetus
3883 1455 4118 1511 aevum

2625 1553 3151 1630 hahuithomina,
3190 1551 3519 1636 Cyclopis,
3563 1548 3909 1624 Busiridis,
3953 1549 4121 1613 Pha·

2626 1653 2891 1732 luridis,
2938 1654 3064 1717 sibi
3096 1655 3617 1739 promereretur.
3679 1652 3782 1715 At
3793 1673 4124 1736 nunquam

2627 1756 3030 1820 luculentior
3078 1755 3300 1831 bellua
3350 1754 3680 1839 apparuit,
3727 1775 3919 1839 quam
3973 1773 4123 1817 cum

2611 1857 2868 1922 'factum
2917 1856 2998 1919 de
3040 1877 3111 1919 se
3157 1855 3796 1919 senatusconsultum
3845 1856 4120 1939 accepit,

2626 1979 2759 2044 quo
2792 1959 2999 2022 hostis
3033 1958 3298 2043 imperii
3319 1956 3647 2042 judicatus
3677 1971 3797 2020 est.
3844 1957 4120 2022 lllisisse

2624 2074 2761 2123 tum
2816 2074 3034 2144 caput,
3063 2060 3335 2145 parieti,
3379 2078 3842 2144 nonnunquam
3876 2060 3944 2121 in
3979 2067 4123 2123 ‘ter-

2623 2185 2765 2227 ram
2829 2184 2900 2226 se
2962 2161 3321 2247 abJ’ecisse,
3384 2162 3700 2224 clamasse
3735 2159 4120 2236 incondite,

2624 2263 3029 2328 conscidisse
3096 2278 3344 2327 vestem
3391 2263 3686 2346 regiam,
3743 2264 4119 2347 proximum

2623 2384 2953 2451 quemque
3012 2366 3353 2449 excepisse
3403 2364 3824 2441 verberibus,
3887 2379 4120 2430 auctor

2622 2482 2725 2530 est
2759 2466 3169 2551 Capitolinus
3202 2466 3290 2547 b).
3375 2468 3596 2561 Quare
3632 2486 3778 2528 cum
3814 2465 3972 2529 urbs
4012 2485 4124 2530 ex-

2623 2582 2833 2631 trema
2868 2589 3167 2653 quaeque
3217 2568 3298 2631 ab
3344 2568 3596 2630 irritata
3649 2566 3772 2629 hac
3819 2566 3991 2631 furia
4039 2569 4121 2630 ti-

2605 2683 2876 2746 meret,
2936 2670 3157 2731 nullus
3198 2688 3480 2753 unquam
3533 2668 3810 2730 nuncius
3865 2668 4118 2753 majore

2623 2770 2864 2858 gaudio
2940 2790 3014 2836 ac
3094 2772 3533 2857 gratulatione
3607 2783 3914 2852 acceptus
3994 2783 4116 2845 est,

2618 2894 2812 2959 quam
2837 2873 2948 2958 qui
2980 2893 3240 2938 caesum
3273 2885 3616 2953 tyrannum
3650 2870 4118 2954 promulgavit,

2619 2975 2804 3059 cujus
2854 2973 3052 3040 fidem
3113 2974 3396 3056 primum
3460 2972 3829 3056 ambiguam
3890 2972 4116 3056 paullo

2616 3091 2768 3163 post
2804 3075 3255 3160 comprobavit
3287 3074 3573 3136 adlatum
3605 3073 3971 3158 utriusque,
4007 3094 4117 3157 pa·

2617 3180 2739 3242 tris
2798 3199 2873 3242 ac
2929 3176 3088 3255 filii,
3160 3191 3392 3260 caput,
3468 3173 3648 3259 quod
3718 3174 4117 3259 aliquamdiu

2616 3280 2882 3365 publice
2929 3279 3377 3364 propositum,
3445 3274 3719 3338 subinde
3756 3275 3822 3336 in
3877 3295 4108 3361 campo

2616 3382 2856 3446 Martio
2900 3381 3253 3443 insultante
3295 3378 3541 3464 populo
3589 3375 3868 3440 {lammis
3926 3398 4115 3443 exus·

2617 3498 2754 3547 tum
2789 3497 2890 3545 est
2922 3485 3004 3563 0).

2743 3587 2932 3654 onr
2965 3587 3291 3660 Pauiiaa,
3337 3581 3419 3646 de
3455 3603 3581 3666 qua
3617 3580 3807 3658 infra.

3177 3718 3549 3824 *3*

2901 3859 3421 3924 MAXIMINVS.

2901 3964 3174 4026 GERM.
3223 3964 3423 4041 Caput
3454 3963 3832 4023 laureatum.

2614 4067 2690 4129 P.
2738 4070 2828 4129 M.
2870 4068 3010 4128 ΤΒ.
3058 4065 3131 4123 Ρ.
3173 4064 3314 4126 1111.
3358 4059 3546 4124 Cos.
3593 4065 3667 4126 P.
3718 4065 3789 4124 P.
3833 4066 4111 4143 Impera-

2617 4180 2716 4232 tor
2735 4171 3091 4249 paludatus
3121 4175 3302 4226 stans
3340 4168 3505 4226 inter
3539 4167 3728 4252 siqua
3764 4167 4100 4226 militaria.

2618 4272 2691 4332 ln
2728 4267 2904 4332 omni
2935 4268 3202 4329 metallo
3235 4279 3300 4328 et
3334 4259 3566 4327 forma.

2899 4386 3415 4452 Maxnumvs.
3471 4387 3611 4447 ET.
3679 4384 4101 4448 MAXmVS.

2900 4487 3858 4556 AVGVST1.GERMAN1(31.
3926 4490 4107 4563 eapt-

3550 3839 3765 3926 P1'VS.
3908 3859 4108 3926 Ave.

961 4665 970 4676 ⁵
1006 4626 4093 4670 Μ

1077 4726 1142 4798 ι)
1187 4711 1508 4796 Capitolia.
1546 4738 1600 4780 c.
1638 4725 1693 4780 lt.
1877 4721 1948 4795 b>
1989 4722 2136 4799 Cap.
2181 4732 2268 4783 17.

2453 4723 2512 4793 e)
2557 4716 2877 4796 Capitolia.
2919 4715 2980 4772 in
3017 4711 3282 4772 Maximo
3321 4731 3370 4770 c.
3415 4723 3464 4778 5.
