4475 5584
911 4646 918 4650 ’
1043 4641 1187 4701 hist.
1220 4642 1288 4696 Τ.
1325 4640 1428 4698 111.
1466 4660 1531 4717 p.
1566 4649 1689 4713 193.

1044 475 1188 561 416

1936 458 2539 535 cLAvmvs
2606 421 3253 574 GoTfflCVS.

1045 657 1128 730 V.
1181 654 1250 716 C.
1306 667 1459 713 1021
1489 691 1508 721 ,
1572 644 1810 710 exinde
1852 647 1910 707 B
1954 663 2162 728 usque
2218 643 2305 709 ad
2362 643 2540 707 idem
2654 639 2867 707 visum
2903 654 3006 705 est
3034 641 3342 709 Tristano
3369 638 3460 726 ¹¹),
3505 636 3579 709 ut
3608 646 3969 731 generatim
3994 669 4163 713 mar·

1047 772 1314 840 tempus
1371 750 1523 814 anni
1592 766 1790 826 1022,
1862 769 1993 833 quo
2056 747 2283 831 coepit
2337 765 2544 808 annus

1045 853 1145 933 Γ,
1192 870 1387 938 atque
1431 853 1561 916 hoc
1604 851 1866 914 labente
1905 841 2199 912 mortuus
2235 861 2335 910 est
2366 865 2542 912 auno

1047 959 1299 1021 iuliano
1354 954 1537 1018 ⁸023.
1613 950 1914 1014 Norisius
1957 970 2108 1011 cum
2151 946 2408 1013 videret
2453 947 2549 1007 le-

1049 1080 1199 1144 gem
1233 1081 1271 1121 a
1306 1043 2047 1135 Claudio‘subscriptam
2075 1071 2156 1113 ex
2186 1063 2336 1112 ante
2369 1049 2543 1111 diem

985 1199 998 1226 ι,
1045 1163 1228 1229 Vm.
1286 1159 1438 1222 Kal.
1502 1153 1913 1230 Novembres
1973 1152 2292 1236 postremi
2353 1149 2546 1238 hujus

1048 1263 1236 1335 anni,
1300 1259 1514 1344 arguit
1569 1269 1797 1319 contra
1839 1253 2181 1316 Petavium
2226 1253 2544 1336 aliosque,

1050 1363 1397 1431 Claudium
1473 1371 1755 1422 exeunte
1830 1355 2109 1420 Octobri
2180 1353 2325 1435 ejus
2395 1355 2546 1414 anni

1035 1465 1258 1530 ‘adhuc
1322 1462 1563 1527 vixisse
1598 1462 1677 1540 θ).
1766 1459 2013 1526 Verum
2082 1470 2543 1541 praeterquam

1047 1566 1224 1652 quod
1269 1564 1508 1649 exigua
1551 1563 1782 1646 harum
1845 1559 2396 1643 subscriptionum
2443 1571 2546 1621 est

1045 1670 1244 1746 fides,
1291 1668 1530 1728 mirum
1577 1662 1948 1735 videretur,
1993 1661 2062 1722 in
2091 1674 2282 1724 tanta
2317 1679 2546 1723 numo-

1044 1793 1192 1833 rum
1231 1766 1824 1832 Alexandrinorum
1870 1763 2058 1846 copia
2101 1783 2251 1826 cum
2287 1761 2543 1825 Claudii

997 1897 1010 1910 ·
1045 1872 1258 1956 capite
1301 1888 1768 1954 percussorum
1836 1865 2090 1927 nullum
2137 1878 2392 1929 certum
2439 1882 2544 1926 re·

1045 1974 1253 2059 periri
1297 1994 1444 2036 cum
1492 1989 1660 2031 anno
1708 1965 1796 2042 Δ,
1852 1965 2037 2047 cujus
2083 1964 2331 2056 solidos
2378 1962 2543 2026 duos

1049 2093 1345 2148 menses,
1406 2090 1647 2152 nempe
1711 2092 1745 2130 a
1806 2066 1936 2129 fine
1996 2066 2276 2149 Augusti
2330 2084 2542 2148 usque

1045 2176 1128 2238 ad
1188 2174 1387 2237 finem
1448 2169 1762 2234 Octobris
1835 2165 2117 2231 vivendo
2186 2164 2541 2247 exegisset.
2594 2180 2607 2192 ⁹

1045 2277 1282 2338 Refert
1343 2272 1607 2358 quidem
1661 2289 1932 2331 numum
1992 2286 2142 2329 cum
2197 2266 2326 2328 hoc
2371 2286 2540 2329 anno

1050 2376 1419 2441 Bandurius
1452 2371 1553 2455 b),
1615 2387 1750 2435 tum
1815 2382 1884 2432 et
1935 2365 2292 2450 Arigonius
2324 2367 2416 2446 0),
2477 2380 2543 2430 at

1048 2492 1340 2553 constat,
1411 2496 1606 2560 saepe
1670 2470 1816 2533 falli
1880 2468 2108 2531 oculos
2168 2468 2236 2530 in
2294 2467 2539 2551 judicio

1048 2585 1531 2647 elementorum
1589 2580 1646 2639 A
1691 2588 1758 2636 et
1802 2570 1879 2634 Δ.
1971 2568 2153 2632 Istud
2213 2584 2399 2633 certe
2460 2571 2544 2633 de

1044 2703 1247 2746 numo
1311 2702 1429 2744 suo
1489 2699 1622 2742 non
1687 2673 2007 2739 diffitetur
2051 2671 2425 2734 Bandurius
2456 2666 2542 2752 (¹).

1051 2785 1263 2880 Quam
1307 2802 1470 2845 vero
1516 2781 1764 2843 incerta
1826 2776 1910 2838 sit
1951 2773 2117 2838 fides
2157 2788 2543 2857 ectyporum

1044 2885 1381 2969 Arigonii‚
1422 2901 1650 2944 omues
1694 2878 2014 2942 novimus.
2065 2875 2276 2971 Quam
2321 2875 2546 2938 absur-

1049 2989 1130 3050 da
1176 2984 1522 3047 dictaverit
1553 2980 2028 3053 Mazzolenusf
2066 2978 2245 3062 quod
2282 2978 2543 3063 utrique

1048 3107 1251 3151 numo
1294 3083 1490 3148 fidem
1539 3083 1803 3153 habuit,
1837 3081 1933 3144 ‘in
1978 3081 2336 3144 Aureliano
2399 3099 2549 3162 per-

1048 3207 1422 3274 sequemur.
1462 3185 1726 3248 Pridem
1760 3183 1922 3247 haec
1949 3182 2364 3265 scripseram,
2393 3201 2543 3242 cum

1046 3292 1259 3353 serius
1322 3287 1452 3353 vidi
1496 3310 1531 3350 a
1576 3288 1662 3351 cl.
1750 3288 1976 3368 Zoega
2016 3282 2297 3366 produci
2344 3303 2541 3343 unum

1044 3415 1193 3459 cum
1237 3390 1318 3456 L.
1358 3387 1471 3464 Δ.,
1518 3387 1799 3450 alterum
1843 3406 1990 3449 cum
2037 3383 2113 3445 1..
2154 3379 2264 3460 G„
2312 3402 2539 3447 verum

1047 3514 1193 3556 cum
1255 3471 1561 3578 lte-utrum
1621 3488 1679 3550 is
1741 3489 1883 3572 ipse
1944 3485 2218 3560 viderit,
2283 3485 2400 3545 sed
2458 3503 2541 3546 ex

1048 3594 1328 3657 aliorum
1390 3588 1521 3652 fide
1577 3589 1850 3663 recitet,
1919 3606 2267 3671 possumus
2333 3606 2541 3670 acque

1047 3695 1344 3774 iactatam
1405 3691 1758 3756 lectionem
1815 3689 1882 3749 in
1943 3687 2215 3751 dubium
2276 3707 2543 3754 vocare.

1467 3862 1749 3925 Nomina
1791 3879 1871 3921 ac
1914 3861 2111 3922 tituli.

1172 4005 1458 4066 Flavius.
1504 3996 1686 4060 Istud
1719 4017 1961 4060 nomen
2000 3996 2276 4059 Claudio
2310 3995 2542 4060 tribuit

1047 4103 1424 4168 Trebellius
1458 4107 1514 4177 εΞ)
1536 4105 1562 4175 ,’
1591 4100 2001 4182 etVopiscus
2043 4095 2116 4178 ί).
2155 4096 2343 4159 Adde
2374 4119 2543 4160 mar-

1043 4226 1226 4281 mor,
1286 4203 1463 4289 quod
1510 4204 1833 4266 Gruterus
1896 4221 1978 4261 ex
2022 4198 2341 4287 Psanvinio
2386 4199 2543 4261 hau-

1044 4311 1124 4371 sit
1157 4309 1255 4390 8),
1305 4306 1419 4369 sed
1465 4303 1641 4390 quod
1687 4301 1813 4386 jam
1859 4302 2119 4385 pridem
2163 4321 2539 4396 suspectum

1038 4423 1044 4428 -
1107 4463 1177 4534 a)
1220 4461 1295 4519 de
1330 4460 1469 4520 Vot.
1511 4459 1758 4517 decenn.
1800 4473 1848 4515 c.
1887 4461 1942 4523 6.

1043 4550 1111 4620 d]
1157 4552 1217 4608 in
1252 4551 1502 4616 Praesat.
1704 4552 1762 4623 e)
1803 4550 1952 4625 cap.
1992 4563 2046 4615 7.

1035 4755 1095 4813 p.
1143 4742 1264 4805 ¹93.
1465 4734 1533 4803 n)
1575 4731 1755 4788 inser.
1797 4739 1917 4788 ant.
1954 4729 2019 4788 T.
2061 4730 2101 4787 Ι.
2141 4745 2200 4809 p.
2239 4741 2367 4796 318.

2233 4459 2302 4534 b)
2338 4460 2508 4521 Tom.
2546 4460 2591 4520 I·-
2636 4482 2694 4540 p.
2734 4472 2860 4527 553.

2025 4627 2032 4634 ·
2237 4550 2293 4622 s)
2332 4552 2394 4609 in
2433 4549 2756 4612 Aureliano
2797 4572 2845 4611 c.
2885 4567 2974 4619 17.

1892 4638 1943 4710 i)
1983 4640 2043 4696 in
2082 4639 2346 4700 Trebell.
2377 4653 2503 4707 330.
2558 4704 2583 4714 ⁷,

2656 742 2950 814 moribus
2989 744 3405 810 Panvinianis
3450 768 3801 832 perparum
3841 746 3997 811 fidei
4033 738 4193 816 inu-T

2656 845 3000 929 pertimur.
3086 847 3191 908 Ex
3250 847 3354 910 bis
3413 849 3843 926 testimoniis,
3882 849 4159 934 qualia·

2661 966 2942 1033 cumque
2977 967 3054 1011 ea
3088 947 3251 1026 sint,
3297 950 3659 1034 conjiciunt
3688 952 4030 1036 plerique,
4076 952 4155 1014 ab

2659 1048 2789 1113 boc
2854 1050 3340 1129 Constantium,
3401 1055 3515 1136 qui
3576 1053 3832 1119 Claudii
3895 1057 4158 1138 generis

2659 1152 2884 1235 proles
2941 1151 3183 1216 dicitur
3228 1155 3609 1232 Trebellio,
3667 1155 3882 1218 Flavii
3936 1158 4167 1240 appel··

2661 1254 2975 1315 lationem
3029 1255 3349 1331 traxisse,
3412 1255 3495 1319 de
3554 1277 3686 1341 quo
3740 1257 3896 1320 vide
3941 1258 4160 1342 dispu-

2659 1367 2905 1416 tantem
2955 1354 3345 1420 Salmasium
3388 1353 3462 1437 ἰ).
3533 1358 3732 1449 Quod
3773 1378 3936 1422 vero
3980 1358 4156 1423 idem

2661 1477 2743 1518 cx
2803 1457 3122 1520 Panvinio
3183 1472 3544 1537 memorat,
3606 1479 3759 1523 eum
3817 1459 3884 1521 in
3938 1461 4158 1545 numia

2658 1558 2901 1642 passim
2947 1555 3080 1621 dici
3119 1561 3215 1621 ΡΙ.
3266 1562 3629 1638 Claudium,
3675 1560 3854 1624 istud
3898 1559 4157 1639 falsum,

2657 1661 2846 1722 nullo
2907 1659 3071 1721 mihi
3114 1661 3394 1745 cognito
3460 1661 3603 1747 ejus
3662 1677 3866 1727 numo
3922 1661 4021 1727 sic
4063 1665 4158 1725 in-

2658 1763 2929 1844 scripto.
3714 1832 3731 1840 ,

2790 1868 3107 1929 Valerius.
3153 1862 3369 1928 Etiam
3406 1864 3503 1927 sic
3534 1862 3753 1929 obiter
3779 1866 4156 1931 nominatur

2657 1987 2693 2027 a
2734 1964 3117 2042 Trebellio,
3163 1979 3231 2029 et
3262 1966 3406 2029 solo
3438 1964 3528 2047 ιι).
3573 1968 3671 2029 Et·
3692 1981 3986 2044 constat,
4028 1970 4153 2036 Va-

2656 2068 2808 2130 lerii
2867 2087 3132 2156 quoque
3184 2088 3429 2132 nomen
3472 2067 3678 2133 fuisse
3721 2070 3943 2133 eidem
3987 2071 4155 2135 Con-

2658 2168 2895 2230 stantio
2915 2212 2933 2244 ,
2982 2167 3063 2231 de
3097 2191 3230 2254 quo
3264 2169 3413 2234 vide
3441 2170 3635 2254 plura
3665 2170 3839 2255 apud
3870 2172 4153 2237 eundem

2658 2269 3048 2333 salmasium
3089 2266 3161 2350 1).

2768 2367 3230 2435 'Ger-manicas.
3275 2371 3328 2433 A
3353 2370 3625 2434 Claudio
3658 2374 3867 2437 victos
3890 2375 4157 2437 Germa-

2660 2489 2780 2534 nos
2841 2493 3036 2555 supra
3105 2491 3188 2534 ex
3250 2474 3462 2535 numis
3528 2475 3885 2546 VICTOR.
3949 2475 4155 2538 GER-

2660 2575 2868 2635 MAN.
2892 2616 2910 2646 ,
2957 2588 3024 2634 et
3061 2572 3323 2635 laudato
3360 2575 3503 2655 ejus
3548 2576 3898 2639 occasione
3933 2576 4158 2642 Victo·

2660 2693 2735 2735 re
2808 2674 3111 2738 vidimus.
3201 2659 3452 2736 'I'ainen
3531 2674 3803 2739 dubium
3869 2677 4152 2756 videtur,

2661 2790 2879 2838 utrum
2926 2775 3305 2837 Germanici
3346 2776 3605 2839 titulum
3660 2798 3743 2839 ex
3787 2777 3911 2840 hac
3954 2779 4158 2843 victo-
4262 2833 4271 2840 .

2659 2876 2756 2937 ria
2801 2876 3164 2950 abstulerit.
3211 2880 3378 2939 Eum
3426 2878 3834 2941 dissimulant
3882 2902 4155 2944 marmo-

2658 2998 2730 3038 ra
2794 2978 3051 3039 Claudii
3127 2979 3361 3040 omnia.
3449 2982 3733 3041 Numum
3805 3000 3957 3044 cum
4030 2982 4155 3047 hoc

2660 3078 2884 3163 elogio
2930 3077 3169 3141 obtulit
3207 3079 3547 3141 Tristanus
3584 3077 3806 3143 addito
3842 3082 4150 3149 nimirum
4180 3107 4209 3116 ‘

2658 3180 2728 3242 in
2788 3180 2999 3243 antica
3060 3181 3264 3243 GER.
3329 3178 3781 3247 GOTHICVS
3812 3184 3893 3262 ¹¹¹)
3911 3204 3931 3257 3
3978 3186 4151 3247 istud

2658 3295 2877 3345 tamen
2934 3282 3208 3357 mirum,
3264 3303 3505 3346 nomen
3552 3284 3752 3347 GER.
3811 3286 4030 3350 omitti
4084 3288 4151 3349 in

2659 3383 2882 3448 addito
2939 3384 3296 3459 iconismo,
3343 3399 3411 3447 et
3463 3399 3711 3449 tantum
3766 3406 4151 3471 comparere

2658 3488 2723 3548 in
2764 3487 2943 3549 numi
2992 3485 3459 3571 descriptione.
3522 3490 3707 3572 Ergo
3754 3503 3862 3550 aut
3903 3489 4151 3553 erravit

2657 3587 3215 3672 chalcographus,
3272 3601 3382 3651 aut
3425 3604 3675 3653 auctor.
3751 3590 3967 3652 Etiam
4010 3595 4149 3654 Me·

2655 3691 3009 3755 diobarbus
3070 3690 3327 3776 aliquos
3384 3711 3534 3754 cum
3600 3691 3730 3753 hoc
3780 3696 4147 3758 oei-mania·

2655 3795 2912 3857 honore
2973 3807 3479 3870 commemorat,
3542 3791 3663 3856 sed
3708 3792 3896 3875 cujus
3936 3794 4148 3880 plera-

2653 3917 2782 3981 que
2827 3910 3129 3980 suspecta
3168 3894 3507 3980 putanda.‘

2787 4004 3111 4063 Gothicus.
3171 4000 3384 4072 Huius
3428 3997 3712 4061 nominis
3756 4017 3950 4062 causa
3994 4017 4146 4082 cog·

2654 4098 3169 4183 nita,-issudque
3212 4100 3552 4172 adstruunt
3597 4099 3740 4182 ejus
3778 4102 4144 4165 consecrati

2655 4202 2857 4265 numi.
2908 4200 3269 4285 Singularis
3306 4215 3408 4268 est
3440 4201 3783 4285 inscriptio
3815 4221 4017 4285 super
4050 4222 4149 4264 ar·

2656 4325 2740 4369 cu
2772 4303 3174 4387 triumphali,
3209 4325 3402 4391 quam
3430 4304 3641 4368 refert
3670 4303 4020 4368 Reinesius
4045 4305 4141 4385 ¹¹):

3144 4464 3206 4536 c)
3243 4461 3307 4518 in
3344 4458 3729 4518 Alexandrin.
3772 4462 3890 4519 tab.
3930 4455 4143 4522 xm.

3150 4556 3212 4631 g)
3249 4553 3387 4629 Peg.
3427 4562 3552 4616 275.
3590 4565 3645 4627 9.
3810 4550 3881 4625 h)
3922 4552 4147 4610 Comm.

2711 4645 2777 4715 k)
2820 4644 2966 4723 Cap.
3002 4652 3088 4707 18.
3288 4642 3339 4718 l)
3379 4641 3421 4701 l.
3462 4663 3511 4699 c.
3716 4645 3807 4717 m)
3848 4639 4016 4703 Tom‘.
4042 4641 4143 4705 ΙΙΙ.
