4475 5584
933 473 1073 553 1⁵9

1313 635 1577 698 Pater
1652 601 2039 713 patriae.

1059 773 1281 836 Patris
1313 773 1575 851 patriae
1621 791 1869 855 quoqne
1909 788 2135 832 nomen
2174 765 2429 849 recepae‘t‘,

939 876 1030 938 ait
1059 871 1325 936 definite
1354 870 1438 935 de
1474 872 1726 935 Iuliano
1760 869 2137 955 Spartianus
2169 868 2252 950 ⁸).
2315 869 2429 932 sin

937 965 1156 1056 istud,
1213 994 1333 1039 eur
1385 974 1568 1040 numi
1610 972 1784 1036 hune
1829 969 2091 1034 titulum
2135 983 2435 1036 constan-

1839 443 2313 524 MANLIA
2410 375 3130 521 SCANTILL‘A.

2541 641 2649 693 ter
2700 624 3096 714 negligunt?
3150 626 3285 688 Iam
3347 622 3505 687 alias
3549 621 3866 702 vidimus,
3913 621 4032 686 Ca·

2544 728 2862 815 pitolino,
2909 726 3290 812 spartiano,
3336 721 3717 810 Lampridio
3760 724 3831 786 in
3870 737 4034 787 tern-

2543 850 2712 915 pore
2752 829 2927 914 eapti
2966 828 3162 914 hujus
3202 826 3408 913 elogii
3449 847 3599 894 eum
3640 825 3862 892 numis'
3897 846 4030 889 non

2548 929 2924 998 convenire.
3681 941 3689 948 ·

2215 1346 2423 1410 1³12ss
2450 1347 2562 1442 rt
2584 1347 2750 1412 Vn.

1349 1584 1551 1646 Numi
1591 1580 1926 1644 commatis
1966 1580 2247 1643 Romam·
2261 1598 2289 1640 .·

1544 1679 1754 1744 Aurei

1543 1780 1865 1864 Argentei

1360 2088 1700 2152 commatis
1732 2090 2062 2169 pereqrim·

1837 1721 2500 1747 0000000

1545 1881 1755 1945 Aenei
1783 1883 1834 1950 1.
1863 1897 1932 1946 et
1960 1885 2043 1945 11.
2074 1882 2329 1948 formae
2373 1927 2392 1948 .
2478 1926 2498 1949 .

1552 1981 1760 2047 Aenei
1795 1982 1908 2044 111.
1943 1982 2199 2048 formae
2257 2027 2276 2045 .
2363 2029 2384 2050 .
2473 2029 2492 2050 .

2589 1725 3350 1751 00000000

2591 1828 3355 1852 00000000

2581 2030 3354 2055 ........
3442 1988 3528 2052 Ο.

2589 2130 3348 2154 ........
3436 2087 3522 2153 Ο.
3564 2102 3677 2153 aut
3725 2085 4030 2173 suspecti.

1923 2436 2357 2500 MANLIA
2436 2439 3076 2503 SCANTILLA.

1080 2674 1406 2749 onrem,
1493 2683 1560 2734 et
1604 2690 1687 2733 ex
1727 2669 1852 2733 hae
1892 2664 2095 2730 filiam
2137 2667 2447 2732 habuisse

954 2775 1314 2852 lulianum,
1376 2771 1793 2836 Herodianus
1831 2790 2092 2856 quoque
2134 2770 2446 2854 prodidit,

957 2892 1022 2941 at
1064 2875 1166 2939 illi
1210 2873 1413 2937 fnisse
1457 2893 1699 2936 nomen
1737 2875 2028 2938 Manliae
2060 2874 2443 2950 Scantillae,

958 2979 1113 3043 huie
1152 2981 1388 3040 Didiae
1426 2979 1687 3048 Clarae,
1730 2973 1847 3035 uni
1867 2973 2210 3057 Spartiano
2248 2972 2448 3038 dobe-

955 3102 1129 3145 mus.
1208 3080 1570 3162 Vtramque
1632 3074 1902 3139 invitam
1974 3073 2058 3137 ad
2134 3075 2449 3160 palatium

958 3180 1335 3244 transivisse
1382 3177 1904 3263 praesagientem
1947 3193 2186 3258 nempe
2238 3176 2451 3239 immi·

957 3302 1121 3344 nens
1180 3281 1490 3356 exitium,
1568 3276 1877 3363 perhibet
1933 3277 2313 3360 Spartianus
2355 3275 2449 3357 l³).

957 3387 1047 3446 At
1076 3381 1493 3446 Herodianus
1522 3379 1601 3442 ab
1633 3391 1907 3459 utraque
1934 3396 2318 3459 persuasum
2348 3381 2452 3441 Iu-

957 3487 1205 3549 lianum
1261 3479 1522 3564 prodit,
1582 3491 1654 3541 ut
1696 3476 2061 3562 projectum
2099 3478 2448 3562 imperium

957 3586 1305 3671 arriperet.
1366 3585 1661 3667 Vtraque
1711 3581 2005 3663 Augusta
2056 3578 2182 3643 suit
2230 3582 2452 3666 appel-

956 3689 1088 3751 lata
1157 3699 1427 3750 auctore
1480 3681 1822 3768 spartiano
1873 3682 1972 3760 ⁰),
2047 3694 2116 3746 et
2175 3701 2453 3745 eonsen-

958 3791 1133 3851 tiunt
1186 3785 1522 3850 ambarum
1563 3783 1767 3848 numi.
1827 3785 2173 3870 sepultum
2219 3786 2301 3848 ab
2367 3785 2450 3849 iis

960 3892 1283 3954 Iulianum
1303 3933 1321 3966 ,
1366 3890 1433 3949 in
1453 3886 1645 3972 hujus
1676 3885 1875 3949 rebus
1908 3886 2109 3971 gestis
2144 3885 2452 3951 diximus.

1105 3991 1276 4056 Filia
1317 3993 1520 4053 Didia
1560 3991 1784 4066 Clara,
1829 3988 1912 4052 de
1955 4010 2080 4076 qua
2114 3987 2305 4053 infra.

1224 4115 1231 4122 ,
1440 4105 1445 4110 -
1686 4088 1728 4129 ῃ

1522 4134 1561 4174 a
1848 4133 1887 4173 a

1241 4193 1603 4259 MANLIA.
1669 4192 2177 4260 SCAN'I'ILLA.
2251 4192 2450 4266 AVG.

1244 4300 1459 4374 Hujus
1502 4305 1711 4375 caput.

961 4399 1204 4470 nmo.
1235 4396 1592 4462 REGINA.
1623 4401 1766 4477 Dea
1796 4399 2016 4460 velata
2046 4407 2228 4461 stans
2258 4399 2321 4461 d.
2334 4418 2455 4477 pa-

1077 4688 1140 4761 ι)
1180 4686 1324 4762 Cap.
1364 4689 1420 4744 4.
1563 4681 1633 4756 b)
1674 4682 1821 4762 Cap.
1852 4692 1905 4748 3.
2054 4684 2117 4757 c)
2154 4680 2195 4740 l.
2229 4701 2308 4739 cs

2563 2683 2763 2735 teram
2776 2717 2794 2750 ‚
2840 2694 2892 2735 a.
2911 2675 3164 2734 hastam
3177 2717 3193 2749 ,
3227 2693 3350 2753 pro
3369 2673 3643 2753 pedibus
3667 2692 3862 2752 pava.
3902 2671 4047 2738 AV.

2563 2773 2823 2854 (Vaill.)
2882 2774 3021 2836 AR.
3073 2775 3218 2838 AE.
3255 2777 3305 2835 l.
3352 2787 3421 2838 et
3463 2775 3546 2838 11.
3607 2772 3831 2857 (Vaill.
3875 2774 4048 2835 Mus.

2563 2877 2746 2940 Caes.
2787 2874 3173 2958 Theupoli.)
3529 2909 3538 2915 ·

2685 2978 2871 3042 Aliae
2903 2997 3169 3042 aversae
3211 2976 3488 3058 inhujus
3531 2977 3861 3061 Augustae
3910 2991 4054 3035 mo·

2559 3093 2711 3143 neta
2745 3101 2880 3142 non
2918 3078 3343 3163 reperiuntur
3373 3077 3641 3164 dempto
3695 3095 3894 3141 numo
3947 3092 4054 3137 se·

2564 3192 2805 3264 quente
2826 3224 2843 3258 ,
2889 3180 3007 3244 sed
3032 3179 3328 3262 hybrida.

3300 3280 3340 3320 a

3136 3323 3175 3363 a
3464 3322 3505 3363 a

2846 3387 3090 3446 Eadem
3121 3388 3413 3448 adversa.

2563 3486 2640 3548 P.
2685 3487 2776 3548 M.
2822 3488 2960 3547 ΤΒ.
3006 3486 3082 3549 Ρ.
3127 3483 3318 3548 COS.
3366 3486 3432 3547 S.
3478 3485 3553 3550 C.
3597 3486 3834 3548 Mulier
3874 3493 4056 3544 stans

2564 3590 2627 3651 d.
2671 3590 3171 3669 qabernaculum
3186 3631 3203 3664 ‚
3250 3608 3302 3649 a.
3329 3588 3768 3668 cornucopiae.
3826 3585 3965 3647 ΔΕ.
4001 3584 4055 3645 1.

2543 3689 2945 3772 (Gessner.)

2690 3792 2903 3854 Nemo
2945 3810 3080 3853 non
3130 3787 3348 3865 videt,
3409 3788 3478 3849 in
3515 3785 3731 3849 mariti
3772 3785 3918 3869 jura
3959 3799 4059 3850 te·

2567 3911 2750 3956 mere
2793 3890 3123 3954 involasse
3176 3910 3451 3954 uxorem
3489 3886 3889 3952 Scantillam.
3967 3889 4061 3952 At

2566 3991 2877 4079 rependit
2923 3992 3105 4058 vices
3165 3991 3435 4053 maritus
3483 3980 3717 4074 parum
3760 3989 4058 4062 uxorius,

2568 4093 2723 4156 dum
2755 4093 2917 4170 sibi,
2962 4092 3139 4178 quod
3186 4092 3491 4177 conjugis
3537 4103 3715 4168 erat,
3776 4091 4063 4158 vindica·

2569 4192 2684 4256 vit.
2761 4196 2924 4255 Nam
2970 4206 3180 4257 exstat
3232 4192 3374 4275 ejus
3410 4215 3683 4270 numus,
3744 4192 3812 4256 in
3873 4193 4061 4276 eujus

2572 4314 2797 4366 aversa
2830 4294 3113 4377 legitur,
3160 4293 3401 4363 IVNO.
3433 4297 3816 4373 REGINA,
3859 4307 3931 4358 ut
3964 4308 4065 4358 te·

2571 4407 2778 4459 statur
2800 4395 2884 4458 cl.
2917 4397 3239 4462 Beauvais
3271 4395 3356 4479 d).

2430 4681 2498 4756 d)
2536 4681 2682 4740 nist.
2719 4682 2917 4767 abt-eg.
2958 4684 3009 4741 Τ
3054 4682 3098 4741 I.
3137 4706 3200 4764 p.
3240 4691 3363 4750 272.
