4475 5584
1581 502 2056 581 MARIVS.

273 674 715 744 raca-1¹03.
763 679 1048 747 oams
1108 687 1316 766 capae
1347 688 1509 752 2013,
1548 692 1767 754 raam-

272 789 428 846 tm.
471 779 610 845 AB.
637 781 751 844 111.
789 782 1057 868 (nand.)

3231 540 3372 611 455

1884 690 2281 762 SAECVLI.
2299 694 2779 762 Fssmct‘ras.
2813 706 2883 764 in
2912 709 3086 768 omm‘
3100 709 3378 790 metallo.

1878 794 2330 863 VICTORIA.
2363 799 2566 870 AVG.
2593 835 2679 846 -
2711 801 3055 873 Vm'rVS.
3092 806 3288 877 ΔΥΕ.

1581 1110 2080 1174 ΡΒΕΤΙΡΙΙ.

872 1305 1077 1370 Aurei

874 1405 1195 1495 Argentei
1237 1407 1481 1495 impuri
1522 1411 1770 1475 et-AE.
1797 1412 1911 1480 111.
2038 1456 2060 1475 .
2148 1457 2170 1482 .
2256 1459 2279 1481 .
2367 1458 2388 1482 .
2474 1462 2493 1483 .
2587 1464 2605 1482 .
2686 1421 2774 1486 Β.

915 1714 985 1775 ο.
1071 1715 1635 1782 PESVVIVS
1723 1691 2258 1784 T'Ewaetcrs’
2337 1723 2712 1788 aaran.

397 1914 547 1979 Etsi
577 1912 645 1975 in
673 1913 885 1999 ipsum
903 1915 1239 1980 Aureliani
1266 1919 1618 2003 imperium
1655 1921 1769 1985 du·

273 2018 480 2093 ravit,
540 2030 756 2081 tamen
802 2017 1124 2081 historiae
1168 2040 1359 2083 causa
1423 2043 1458 2083 a
1502 2040 1771 2107 praece-

231 2109 583 2184 'dentibus
645 2118 897 2182 Galliae
954 2122 1283 2199 tyrannis,
1370 2141 1451 2184 ex
1530 2124 1767 2207 quibus

273 2234 647 2306 postremus
676 2219 833 2296 fuit,
878 2223 1167 2306 separari
1199 2222 1402 2283 nolui.
1467 2223 1629 2305 Ejus
1672 2225 1768 2286 hi-

215 2377 224 2382 .
273 2321 541 2383 storiam
576 2342 674 2384 ex.
699 2307 1084 2385 aucm‘ribus
1118 2324 1458 2388 veteribus
1497 2323 1768 2388 adcura-

273 2434 346 2484 te
392 2423 725 2507 congessit
771 2424 853 2485 de
902 2427 1087 2487 Bone
1131 2427 1226 2505 ἢ,
1288 2445 1370 2489 ex
1404 2448 1537 2513 qua
1579 2448 1767 2510 prae-

269 2515 449 2589 clara
474 2544 695 2587 messe
732 2545 937 2608 panca
969 2546 1280 2611 excerpo.

397 2626 746 2695 Victorino
785 2640 851 2689 et
886 2627 1098 2690 Mario
1139 2617 1348 2693 caesis
1381 2627 1764 2714 famigerata

225 2729 242 2746 ⁶
270 2726 649 2805 victorina,
693 2748 1087 2813 rerumque,
1151 2742 1224 2792 nt
1263 2728 1580 2806 diximus,
1625 2746 1762 2793 tum

269 2830 339 2892 in
383 2828 596 2892 Gallia
648 2843 883 2918 petens
951 2830 1208 2907 effecit,
1273 2846 1344 2894 ut
1404 2832 1763 2915 imperator

273 2929 756 2995 adclamaretur
790 2933 1096 2995 Tetricus
1149 2932 1252 2996 vir
1289 2933 1547 2995 *ordinis
1584 2954 1767 2996 sena-

263 3031 463 3108 torii,
503 3035 909 3111 consularis,
955 3048 1022 3096 et
1062 3034 1191 3118 jam
1231 3035 1584 3105 Valeriano
1617 3054 1766 3118 pro·

268 3133 499 3213 batus,
557 3137 800 3221 quique
857 3151 997 3200 tum
1057 3136 1318 3220 utrique
1379 3136 1762 3220 Aquitaniae

263 3233 637 3323 Praesedit,
706 3238 770 3300 ei
823 3252 1164 3321 praeterea
1209 3236 1496 3300 feminae
1541 3234 1767 3299 adfini·

265 3350 405 3403 tate
450 3338 857 3425 conjunctus.
941 3341 1217 3401 Factum
1260 3338 1763 3422 istud-oportuit

263 3455 554 3505 exeunte
611 3460 779 3503 anno
833 3441 913 3506 V.
953 3442 1035 3504 C.
1107 3458 1289 3503 noso.
1349 3442 1424 3505 Ρ.
1469 3441 1552 3501 X.
1616 3439 1761 3519 267,

271 3554 382 3604 aut
411 3542 737 3626 principio
780 3541 1137 3626 sequentis.
1227 3544 1391 3603 Nam
1434 3562 1566 3626 quo
1601 3555 1764 3604 tem·

268 3662 435 3727 pore
485 3642 794 3706 Claudius
836 3664 1028 3725 caeso
1076 3643 1380 3706 Gallieno
1412 3644 1760 3728 imperium

269 3745 505 3823 adivit,
552 3746 807 3809 scilicet
847 3765 1073 3809 mense
1109 3746 1349 3810 Martio
1397 3747 1558 3820 anni,
1579 3748 1652 3808 P.
1683 3748 1761 3808 X.

269 3845 428 3926 268,
483 3845 620 3932 jam
682 3847 1017 3912 constabat
1065 3852 1357 3924 Romae,
1422 3848 1760 3911 Tetricum

257 3948 335 4013 in
370 3949 604 4014 Galliis
656 3949 1122 4032 imperatorem
1170 3949 1501 4034 agnitum,
1564 3964 1637 4013 ut
1668 3949 1761 4011 di-

265 4050 510 4116 scimus
571 4071 656 4114 ex
715 4050 1060 4113 Trebellio
1122 4046 1208 4131 l³).
1298 4051 1572 4114 Claudio
1643 4048 1762 4112 im-

261 4166 539 4238 perante
596 4171 730 4215 non
791 4147 1273 4237 modo'quiete
1332 4152 1544 4216 tenuit
1610 4150 1762 4242 Gal·

263 4253 388 4318 lias
436 4255 982 4338 Hispaniamque,
1049 4253 1168 4316 sed
1233 4267 1300 4317 et
1363 4254 1761 4337 apparebant

253 4374 404 4419 non
455 4354 736 4420 obscura
804 4356 1196 4420 constitutae
1273 4354 1449 4418 inter
1511 4369 1760 4438 utrum·

266 4476 400 4543 que
441 4457 838 4522 concordiae
888 4472 1311 4543 argumenta,
1357 4469 1431 4520 ut
1475 4475 1558 4519 ex
1598 4456 1757 4544 ipsis
1823 4535 1832 4540 ι

1874 4579 2123 4626 cemus·

263 4555 484 4620 numis
538 4558 826 4645 patebit,
905 4579 1122 4646 neque
1180 4558 1458 4666 infracta
1519 4578 1597 4621 ea
1658 4570 1759 4622 est

335 4771 424 4843 a)
444 4768 616 4830 Mem.
657 4770 723 4834 Β.
761 4773 827 4830 L.
866 4774 933 4831 Τ.
975 4773 1191 4835 XXVI.
1234 4795 1292 4868 p.
1334 4780 1458 4866 594.

1882 1924 2239 1986 Aureliano
2276 1924 2356 1986 ad
2395 1923 2744 2008 imperium
2776 1938 3033 1991 evecto,
3095 1928 3173 1990 At
3198 1929 3373 1991 enim

1880 2024 2314 2108 irrequietum
2348 2045 2614 2089 suorum
2644 2026 2979 2108 ingenium
3009 2046 3085 2090 ac
3113 2028 3381 2091 seditio·

1879 2121 2006 2187 nes¹
2031 2137 2370 2208 pertaesus
2392 2126 2637 2189 Gallias
2661 2127 3013 2190 Aureliano
3034 2129 3381 2191 restituen-

1881 2224 1949 2286 di
1987 2227 2162 2309 cepit
2197 2227 2584 2303 consilium,
2626 2249 2843 2312 eoque
2883 2230 3050 2291 clam
3081 2228 3374 2307 invitato,

1881 2342 1955 2391 ut
1997 2327 2120 2412 per
2178 2330 2469 2411 speciem
2529 2329 2694 2391 hetti
2750 2329 2814 2390 in
2875 2331 3155 2394 Galliam
3198 2331 3379 2394 veni-

1879 2443 2014 2505 ret,
2073 2449 2227 2492 cum
2276 2429 2467 2493 ambo
2516 2430 2847 2493 exercitus
2902 2434 2972 2491 in
3018 2446 3399 2515 conspectu,

1882 2545 2141 2605 essent,
2215 2532 2603 2594 transitione
2660 2532 2831 2593 facta
2904 2531 3117 2612 ipsum
3176 2533 3374 2596 etiam

1877 2631 2243 2693 exercitum
2286 2632 2454 2694 duce
2489 2631 2869 2693 destitutum
2902 2631 3042 2714 ejus
3086 2651 3232 2694 sese
3278 2654 3378 2698 ar-

1878 2732 2076 2794 bitrio
2110 2731 2440 2814 subjicere
2475 2733 2714 2815 coegit,
2781 2731 2853 2793 Si
2888 2751 3043 2794 vera
3073 2731 3373 2796 referunt

1879 2835 2280 2916 scriptores,
2326 2853 2457 2894 non
2504 2835 2656 2894 satis
2692 2832 2903 2894 famae
2942 2853 3096 2895 suae
3141 2853 3374 2897 consu·

1880 2934 2001 2996 luit
2038 2934 2471 3010 Aurelianus,
2517 2954 2665 2996 cum
2717 2939 2949 3018 sponte
2998 2934 3370 2997 dedititium

1878 3036 1945 3096 in
1997 3034 2375 3118 triumpho,
2438 3056 2634 3120 quem
2697 3035 2779 3097 de
2833 3036 3132 3099 Zenobia
3208 3037 3368 3120 egit,

1877 3137 2203 3220 captivum
2267 3135 2421 3200 duci
2492 3155 2720 3220 passus
2791 3148 2923 3210 est,
3006 3156 3369 3220 quanquam

1880 3236 2193 3320 deinceps
2227 3258 2359 3299 non
2387 3251 2675 3301 cessaret
2704 3236 3006 3299 omnibns
3033 3257 3187 3300 eum
3225 3235 3371 3301 offi-

1879 3338 1997 3399 ciis
2033 3358 2303 3413 ornare,
2350 3340 2444 3401 sic
2481 3354 2551 3402 ut
2580 3338 2930 3422 conlegam
2955 3358 3185 3426 saepe,
3233 3359 3371 3401 sae·

1877 3460 1961 3523 pe
2001 3439 2469 3523 imperatorem
2511 3440 2909 3524 appellaret,
2956 3460 3030 3503 ac
3084 3437 3367 3523 denique

1871 3540 2103 3602 -ltaliae
2153 3542 2353 3604 totius
2396 3556 2848 3605 correctorem
2910 3540 3364 3618 constitueret,

1878 3643 2011 3704 suis
2072 3634 2269 3705 etiam
2331 3643 2817 3706 honoribus'in
2881 3642 3092 3704 fllium
3154 3641 3371 3704 Tetri-

1873 3765 2060 3819 cum,
2106 3759 2296 3806 antea
2334 3745 2714 3819 Caesarem,
2777 3744 3073 3820 collatis,
3118 3740 3200 3806 de
3235 3762 3364 3827 quo

1872 3845 2064 3909 infra.
2130 3845 2280 3941 Quo
2315 3847 2681 3930 imperante
2708 3844 2868 3908 hic
2848 3842 3121 3929 tnsignis
3152 3841 3366 3907 famae

1872 3947 1976 4011 vir
2025 3945 2200 4007 diem
2264 3945 2580 4023 obiverit,
2649 3942 2985 4030 proditum
3054 3966 3189 4011 non
3243 3956 3364 4007 est·

1871 4035 2264 4110 Diutisaime
2297 4047 2511 4109 adhuc
2542 4044 2783 4109 vixisse
2814 4047 3138 4128 privatum
3167 4044 3367 4109 tradit

1849 4149 2251 4234 Eutropius.
2324 4151 2507 4231 Ergo
2544 4145 2896 4230 imperium
2944 4146 3197 4209 Tetrici
3240 4146 3369 4209 cir-

1873 4247 2340 4315 cumscribitur
2375 4270 2542 4312 anno
2577 4251 2660 4317 V.
2694 4251 2766 4313 C.
2811 4264 2976 4310 toeo
3008 4249 3081 4309 P.
3113 4246 3198 4310 X.
3220 4249 3363 4330 267,

1872 4371 2003 4439 quo
2030 4350 2195 4415 illud
2229 4348 2426 4427 adiit,
2473 4365 2541 4415 ct
2571 4352 2656 4420 V.
2691 4351 2762 4414 C.
2805 4349 2967 4412 1026
2996 4349 3069 4409 Ρ.
3103 4347 3185 4409 X.
3217 4349 3361 4429 273,

1872 4476 2003 4544 quo
2043 4467 2270 4519 actum
2314 4451 2395 4514 ab
2435 4452 2793 4519 Aureliano
2831 4450 3233 4536 triumphum
3270 4450 3368 4513 ‹lt-

1607 4771 1728 4847 b)
1713 4794 1774 4830 m
1813 4773 2086 4836 Claudio.
