4475 5584
1083 455 1229 536 292.
1276 511 1283 518 .

1088 620 1459 709 duplicibus
1494 628 1840 683 servantur
1871 626 2150 699 quatuor
2166 614 2412 679 diversi
2448 614 2577 679 hoc

1087 725 1421 790 tribunatu
1462 718 1795 816 inscripti,
1840 731 1911 778 ut
1945 730 2354 800 praeteream
2389 718 2574 794 alios,

1087 827 1199 913 qui
1260 827 1325 886 in
1406 820 1719 903 catalogis
1798 817 2121 881 adcuratis
2189 817 2572 882 recitantur.

1088 932 1676 1024 Quantumcunque
1738 932 1991 980 mature
2041 917 2392 1002 imperium
2441 922 2576 982 Ma·

1084 1030 1316 1092 ximini
1352 1023 1667 1098 ordiaris,
1713 1019 1886 1106 quod
1925 1020 2006 1096 ii,
2053 1019 2164 1103 qui
2214 1020 2572 1104 plurimum

1083 1132 1478 1214 anticipant,
1525 1123 1756 1220 saltem
1806 1146 1842 1185 a
1890 1121 2128 1184 Martio
2167 1122 2320 1184 anni
2371 1125 2459 1192 V.
2501 1125 2573 1186 C.

1084 1232 1210 1316 988
1251 1232 1531 1303 ducunt,
1579 1238 1645 1287 et
1690 1242 2075 1309 quacunque
2127 1225 2427 1288 renovati
2461 1224 2577 1286 tri-

1083 1331 1363 1395 bunatus
1430 1327 1753 1391 sententia
1815 1339 2038 1400 utare,
2111 1345 2385 1388 necesse
2452 1337 2572 1401 est,

1082 1430 1422 1496 Maximini
1473 1427 1872 1491 tribunatum
1923 1428 2040 1494 lV.
2093 1427 2160 1488 in
2217 1448 2454 1488 annum
2491 1429 2573 1495 V.

1084 1536 1157 1599 C.
1192 1552 1308 1617 99ι
1346 1529 1622 1594 differri.
1688 1528 1896 1621 Quam
1927 1527 2220 1611 graviter
2245 1547 2369 1610 per
2397 1525 2571 1612 hrune
2593 1520 2607 1529 ’

1079 1635 1481 1702 tribunatum
1528 1630 1832 1693 laborent
1865 1629 1951 1704 ii,
2016 1630 2128 1714 qui
2177 1647 2327 1691 eum
2372 1627 2574 1691 natali

1077 1734 1343 1822 imperii
1396 1733 1823 1795 instauratum
1875 1729 2226 1828 adserunt,
2291 1728 2446 1791 satis
2492 1749 2577 1792 cx

1079 1835 1378 1904 terminis
1416 1832 1558 1917 ejus
1593 1832 1855 1918 imperii
1899 1843 2188 1916 apparet.

1082 2062 1163 2123 11.
1205 2062 1496 2142 Defectio
1531 2062 2003 2125 Gordianorum
2055 2056 2125 2114 in
2168 2053 2404 2133 Africa
2444 2073 2575 2116 non

1196 2167 1417 2246 potuit
1446 2165 1810 2241 coneinqere
1830 2164 1964 2223 nist·
1988 2163 2207 2223 eodem
2224 2176 2395 2219 anuo
2415 2157 2490 2219 V.
2511 2157 2576 2219 C.

1204 2276 1356 2334 991.
1390 2269 1469 2329 P.
1501 2267 1591 2329 X.
1620 2271 1773 2327 238.

1004 2505 1023 2510 -
1206 2450 1396 2514 Hanc
1426 2449 1768 2525 Petavius‚
1812 2461 1879 2510 et
1908 2444 2226 2511 Calvisius
2267 2444 2578 2507 inchoant

1081 2572 1248 2617 anno
1303 2553 1383 2622 V.
1434 2552 1507 2616 C.
1556 2551 1681 2635 989
1727 2553 1802 2611 P.
1850 2548 1931 2608 X.
1976 2547 2139 2624 236,
2210 2546 2575 2609 Tillemon-

1075 2654 1207 2716 tius
1255 2655 1337 2721 V.
1387 2652 1458 2715 C.
1508 2669 1633 2734 990
1689 2655 1763 2713 Ρ.
1807 2653 1889 2713 X.
1942 2650 2065 2732 237
2126 2648 2204 2731 ⁸).
2291 2648 2572 2730 Vtrique

1079 2755 1445 2819 sententiae
1465 2777 1707 2821 canore
1740 2754 2168 2818 adversantur
2192 2748 2397 2812 numi.
2439 2749 2576 2818 Vo-

1079 2875 1306 2920 cemus
1334 2858 1403 2919 in
1429 2857 1744 2939 judicium
1783 2853 2166 2919 sententiam
2208 2851 2575 2914 Tillemon·

1076 2956 1195 3034 tii;
1236 2980 1385 3021 nam
1437 2957 1558 3024 hac
1605 2980 1837 3024 eversa
1886 2955 2094 3019 multo
2138 2953 2348 3038 magis
2393 2950 2575 3014 labo·

1076 3057 1251 3122 rabit
1282 3060 1652 3123 Petaviana.

1202 3147 1505 3223 Di'ximus
1537 3161 1816 3224 articulo
1842 3155 2317 3242 praecedente,
2364 3168 2576 3217 exsta-

1077 3281 1156 3326 re
1188 3282 1422 3324 numos
1457 3262 1795 3324 Maximini
1844 3278 1993 3322 cum
2048 3257 2385 3320 tribunatu
2421 3258 2572 3332 IV..

1081 3383 1363 3448 quorum
1430 3363 1542 3425 alii
1599 3376 1821 3425 notam
1882 3361 1952 3423 S.
2015 3357 2094 3421 C.
2166 3355 2571 3441 praeferunt,

992 3539 1003 3544 ι
1082 3480 1331 3546 eosque
1371 3461 1511 3524 sine
1567 3462 1766 3525 dubio
1809 3461 1890 3529 V.
1927 3460 2000 3523 C.
2036 3476 2154 3542 99¹
2198 3476 2572 3540 percussos.

1020 3545 1027 3552 ⁴
1075 3565 1165 3628 At
1197 3584 1323 3648 qua
1354 3562 1426 3625 id
1450 3565 1704 3626 ratione
1734 3583 1962 3627 verum
1996 3578 2144 3622 esse
2206 3571 2471 3642 posset,
2516 3554 2572 3620 si

1073 3662 1213 3748 jam
1266 3684 1435 3727 anno
1486 3665 1925 3749 praecedente
1973 3660 2373 3725 defecissent
2406 3659 2574 3722 Gor·

1082 3764 1308 3829 diam?
1384 3766 1689 3831 Testibus
1742 3764 2121 3828 Herodiano
2188 3774 2256 3825 et
2315 3760 2572 3845 Capito·

1077 3866 1257 3945 lino,
1318 3889 1467 3931 cum
1512 3868 1799 3952 primum
1853 3870 2131 3929 Romam
2192 3862 2574 3926 nunciatum

1081 3982 1219 4045 est,
1266 3969 1614 4033 Gordianis
1657 3970 1725 4031 in
1772 3968 1994 4032 Africa
2029 3965 2379 4049 imperium
2414 3962 2575 4025 fuis·

1081 4089 1155 4134 se
1186 4069 1516 4149 delatum,
1570 4069 1882 4134 continuo
1925 4066 2323 4133 Maximinus
2363 4065 2575 4129 hostis

1080 4191 1118 4235 a
1161 4185 1393 4235 senatu
1450 4172 1775 4256 judicatus
1822 4180 1925 4234 est
1983 4167 2152 4232 datis
2203 4167 2290 4230 ad
2341 4185 2572 4231 omnes

1078 4272 1417 4362 praesides
1454 4274 1699 4350 literis,
1743 4285 1819 4335 ut.
1848 4273 2029 4333 illam
2061 4270 2354 4360 belluam
2390 4272 2574 4336 omni

1076 4375 1149 4440 vi
1200 4387 1794 4460 persequerentur,
1870 4394 2025 4435 mox
2082 4374 2422 4452 inversae,
2500 4388 2568 4439 et

1082 4474 1457 4542 confractae
1508 4475 1651 4559 ejus
1692 4473 2047 4558 imagines,
2103 4489 2171 4539 et
2210 4475 2282 4537 in
2322 4474 2568 4540 amicos

2196 429 2892 507 MAXIMINVS
2981 431 3038 504 Ι.

2693 615 2873 677 omni
2920 614 3308 678 crudelitate
3360 617 3699 685 saevitum.
3785 619 3888 682 An
3937 635 4172 707 patres,

2693 718 2803 801 qui
2840 718 3263 779 Maximinum
3310 738 3391 780 ex
3429 719 3497 783 S.
3530 722 3602 782 C.
3647 721 3729 783 de
3774 741 4024 786 summa
4065 745 4178 808 po·
4231 715 4238 730 '

2692 831 2928 881 testate
2955 817 3367 901 dejecerant,
3414 820 3622 884 altero
3659 826 4179 889 senatusconsul-

2690 932 2760 981 to
2798 920 2938 1002 ejus
2987 921 3252 982 nomine
3282 923 3625 1004 pecuniam
3659 923 4029 989 feriundam
4068 948 4179 993 en-

2689 1021 3014 1096 raverint,
3062 1023 3239 1106 quod
3269 1042 3532 1107 semper
3571 1046 3864 1088 summae
3899 1041 4180 1111 potesta·

2690 1121 2774 1183 tis
2809 1121 3136 1186 confessio
3179 1123 3470 1202 habitum
3505 1126 3651 1187 est?
3712 1129 3813 1189 An
3840 1127 4043 1193 iidem
4070 1152 4176 1214 pa·

2689 1237 2867 1300 tres,
2913 1226 3026 1308 qui
3070 1247 3223 1287 mox
3269 1247 3383 1288 sua
3434 1227 3501 1287 in
3551 1225 3919 1292 Gordianos
3971 1229 4178 1294 studia

2692 1326 2961 1410 signatis
3029 1327 3265 1389 horum
3344 1327 3628 1412 imagine
3675 1331 3891 1393 numis
3948 1344 4179 1398 testata

2688 1426 2956 1506 secere,
3018 1450 3150 1491 uno
3202 1425 3569 1514 eodemque
3613 1444 3915 1515 tempore
3968 1447 4038 1495 et
4065 1454 4181 1497 no-

2683 1529 2787 1592 vis
2816 1531 2917 1593 his
2935 1530 3268 1614 Augustis,
3314 1552 3477 1615 quos
3503 1546 4005 1598 conservatores
4029 1554 4179 1600 suos

2688 1652 3058 1714 agnovere,
3104 1646 3170 1693 et
3219 1630 3508 1714 judicato
3543 1635 3791 1716 patriae
3836 1634 4014 1698 hosti
4046 1657 4179 1701 mo·

2689 1734 2908 1795 n'etam
2961 1732 3457 1797 dedicaverint?
3527 1735 3645 1797 Cui
3688 1734 3860 1797 istud
3893 1757 4178 1822 unquam

2690 1852 2848 1895 sano
2906 1834 3456 1916 persuadebitur?
3542 1835 3679 1897 Sed
3725 1838 3911 1901 venia
3973 1838 4181 1905 danda

2686 1933 2849 1997 viris
2869 1934 3259 2012 illustribus,
3285 1936 3398 2019 qui
3415 1956 3650 1999 annum
3670 1939 4176 2021 praecedentem

2689 2035 2983 2098 maluere
3005 2080 3023 2112 ,
3070 2039 3374 2123 quoniam
3408 2058 3640 2099 numos
3660 2040 4001 2104 Maximini
4033 2063 4178 2108 eum

2689 2134 3022 2201 tribunatu
3072 2141 3183 2205 IV.
3239 2153 3347 2204 aut
3397 2140 3906 2224 ignoraverunt,
3951 2157 4065 2209 aut
4112 2144 4177 2207 in

2690 2235 3038 2301 dubiorum
3057 2277 3062 2288 ·
3084 2244 3235 2307 loeo
3271 2240 3658 2305 habuerunt.

2690 2457 2800 2520 111.
2848 2461 3083 2525 Caedes
3111 2466 3378 2526 Balbine·
3408 2474 3475 2527 ee
3499 2468 3780 2546 Pupieni
3815 2468 4036 2530 ser-lm
4053 2489 4179 2531 non

2804 2567 3023 2642 potuit
3065 2568 3433 2646 conts‘nyere
3447 2609 3465 2641 ,
3503 2587 3702 2648 quam
3748 2572 3843 2629 ad
3865 2587 4178 2632 summum

2811 2675 3086 2728 exeunte
3110 2667 3284 2730 Iulio
3324 2670 3398 2731 V.
3439 2669 3501 2731 C.
3537 2677 3683 2732 991.
3709 2671 3780 2730 P.
3809 2671 3894 2733 Χ.
3929 2677 4080 2738 238.

2814 2849 3230 2935 Frequentes
3279 2850 3608 2915 habentur
3648 2853 3830 2915 numi
3862 2854 4177 2919 Gordiani

2688 2952 2800 3013 111.
2843 2952 2912 3013 in
2965 2955 3266 3038 Aegypto
3315 2952 3583 3038 signati,
3631 2954 3745 3038 qui
3785 2977 4028 3019 annum
4062 2958 4179 3020 im·

2683 3052 2856 3135 perii
2890 3054 3072 3128 V11.,
3115 3073 3353 3137 nempe
3387 3055 3464 3117 L.
3503 3056 3578 3116 Z.
3617 3054 3925 3123 offerunt.
4016 3059 4178 3123 Cum

2689 3165 2970 3229 constet,
3001 3153 3401 3218 Gordianum
3421 3174 3682 3220 caesum
3711 3159 3984 3223 circiter
4002 3181 4180 3224 meu-

2690 3275 2762 3320 se
2816 3254 3056 3317 Martio
3095 3256 3179 3325 V.
3233 3257 3304 3320 C.
3354 3276 3516 3342 997,
3577 3272 3646 3322 et
3692 3260 4062 3345 Aegyptios
4107 3273 4176 3324 ut

2687 3377 2892 3421 annos
2943 3355 3209 3432 civiles,
3257 3357 3351 3421 sic
3396 3369 3465 3420 et
3503 3379 3706 3422 annos
3751 3360 4018 3446 imperii
4069 3361 4176 3424 die

2684 3456 2924 3521 XXIX.
2943 3459 3220 3543 Augusti
3235 3478 3556 3524 renovare
3590 3461 3856 3538 solitos,
3899 3481 4174 3529 necesse

2686 3571 2827 3636 est,
2870 3571 2944 3622 ut
2990 3581 3194 3624 annus
3237 3561 3383 3629 vn.
3433 3561 3656 3625 locum
3688 3560 3964 3641 habeat,
4009 3583 4178 3628 anno

2685 3660 2737 3725 1.
2792 3659 3107 3724 Gordiani
3154 3676 3304 3726 ante
3367 3660 3543 3726 diem
3610 3662 3847 3750 XXIX.
3896 3663 4176 3751 Augusti

2684 3764 2768 3832 V.
2806 3764 2884 3828 C.
2915 3783 3035 3847 99¹
3093 3763 3440 3826 stationem
3485 3764 3985 3847 adsignandam,
4047 3783 4178 3852 quo

2690 3863 2797 3928 die
2840 3878 3073 3930 exorto
3128 3864 3441 3930 continuo
3488 3867 3688 3931 scribi
3731 3868 3952 3952 eoepit
3985 3867 4064 3929 L.
4097 3869 4173 3930 B.

2685 3968 2883 4031 Hunc
2934 3965 3250 4031 Gordiani
3297 3987 3536 4032 annum
3586 3968 3639 4029 Ι.
3687 3968 3927 4033 eximie
3970 3970 4175 4034 fuisse

2683 4067 3110 4130 macilentum
3131 4110 3151 4140 .
3197 4068 3538 4152 colligitur
3567 4068 3677 4134 vel
3713 4090 3796 4134 ex
3839 4072 3983 4156 ipsa
4015 4071 4174 4136 rari·

2683 4181 2817 4232 tate
2849 4188 3195 4232 numerum
3220 4170 3854 4249 Alexandrinorum,
3899 4193 4049 4236 cum
4086 4186 4176 4237 ta·

2674 4289 2835 4334 men
2864 4268 3143 4334 aliorum
3176 4292 3493 4353 annorum
3524 4273 3708 4336 numi
3736 4271 4092 4343 abundent.

1156 4688 1222 4760 a)
1258 4684 1412 4747 Nou
1448 4682 1551 4748 lv.
1590 4681 1657 4742 in
1688 4680 1986 4770 Maximin.
