4475 5584
1357 491 1741 608 ΑΝΝῙΑ
1801 486 2435 618 rAvs‘rlNA.

378 715 633 800 gnitum
669 730 772 780 est
810 728 1085 799 propter
1115 714 1509 800 paucitatem
1561 716 1869 801 pretium,

377 829 453 879 ut
496 815 1016 883 adulteratorum
1067 838 1175 880 ars
1222 816 1426 881 falsos
1471 843 1594 904 pro
1645 823 1874 907 genui-

375 915 482 980 nis
543 917 975 1000 obtruderet,
1039 939 1124 983 ex
1190 920 1428 1004 quibus
1478 940 1594 987 eos
1654 926 1871 988 solum

378 1022 799 1101 memorabo,
847 1024 960 1110 qui
1004 1049 1041 1088 a
1094 1016 1484 1091 clarioribus
1527 1030 1690 1093 viris
1735 1031 1875 1093 edi·

378 1117 432 1181 ti
481 1118 685 1185 fldem
736 1142 1013 1210 propter
1057 1141 1402 1194 auctorum
1449 1130 1873 1195 existimatio·

373 1239 531 1287 nem
561 1240 836 1306 possent
867 1232 1190 1308 reperire.

655 1325 945 1408 sNNIA.
1046 1327 1507 1397 FAVSTINA.
1594 1336 1869 1410 AVGV-

646 1425 836 1490 STA.
887 1432 1103 1507 Hujus
1140 1447 1365 1512 caput,
1401 1456 1574 1515 pone
1602 1437 1864 1501 astrum.

374 1526 551 1587 MP.
584 1525 1123 1598 ANTONINVS.
1157 1536 1392 1625 PIVS„
1415 1537 1620 1607 AVG.
1669 1544 1872 1622 Caput

374 1630 731 1709 Elagabaln‘
765 1633 1144 1697 laureatum.
1185 1638 1326 1705 AV.

468 1731 676 1792 ·Eum
729 1730 1042 1796 Khellius
1092 1756 1174 1799 ex
1217 1740 1460 1806 illustri
1510 1767 1741 1811 museo
1781 1747 1866 1811 de

364 1829 667 1908 Frauce,
713 1834 892 1919 quod
936 1837 1062 1899 fuit
1114 1840 1585 1924 vindobonae,
1630 1849 1698 1910 in
1753 1870 1867 1934 ge-

372 1932 745 2000 nuinorum·
781 1957 1058 2001 numero
1109 1942 1315 2007 edidit
1361 1948 1446 2027 ⁸).
1530 1949 1635 2010 Ad
1686 1949 1862 2014 hunc

370 2051 584 2117 usque
626 2034 802 2098 diem
850 2052 1087 2103 aureus
1134 2041 1328 2123 hujus
1369 2048 1703 2132 Augustae
1755 2071 1866 2112 co—

369 2135 592 2215 gnitus
624 2157 758 2199 nou
789 2153 924 2216 est,
968 2140 1087 2203 sed
1118 2161 1333 2227 neque
1359 2152 1731 2229 praesentis
1766 2152 1867 2214 ul-

368 2233 437 2297 la
472 2234 770 2303 habenda
821 2240 1029 2317 ratio;
1074 2264 1225 2306 nam
1281 2249 1407 2310 etsi
1454 2247 1703 2313 affabre
1769 2250 1866 2315 ef-

364 2336 561 2401 fictus
627 2353 770 2419 est,
834 2363 1237 2428 magnopere
1305 2360 1526 2412 tamen
1584 2351 1665 2413 ab
1720 2351 1861 2435 ejus

367 2441 516 2505 'aevi
548 2441 796 2508 fabrica
815 2443 1098 2522 abludit,
1144 2461 1218 2510 ut
1244 2447 1410 2532 ipse,
1432 2451 1567 2537 -qui
1590 2474 1860 2514 numum

365 2541 484 2607 diu
529 2544 1065 2627 exploraverant,
1123 2549 1267 2633 ejus
1332 2553 1861 2639 experimentum

366 2644 524 2709 feci.
828 2703 833 2716 .

494 2746 946 2812 Memorabilis
965 2769 1200 2813 numus
1236 2755 1547 2817 Damasci
1578 2774 1724 2819 eum
1752 2777 1861 2817 an·

363 2866 455 2910 uo
489 2841 701 2908 ΕΛΦ
723 2893 741 2926 ,
786 2871 981 2935 quem
1010 2871 1092 2913 ex
1127 2874 1356 2917 museo
1396 2856 1758 2940 'l'heupoli‚
1788 2856 1857 2917 iu

364 2949 553 3031 eujus
585 2950 885 3033 catalogo
929 2951 1101 3015 binis
1143 2955 1310 3018 locis
1351 2956 1746 3021 describitur
1774 2952 1855 3038 ¹³),

358 3051 530 3124 olim
588 3050 798 3114 edidit
844 3039 1190 3138 Philippus
1248 3079 1286 3118 a
1352 3057 1569 3120 Thr-re
1612 3060 1855 3123 Adriae

361 3152 746 3239 episcopus,
793 3167 861 3216 et
905 3155 1257 3240 genuinum
1288 3157 1600 3237 judicavit
1626 3162 1694 3223 in
1722 3161 1853 3224 dis-

360 3254 720 3319 sertatione
767 3258 1107 3339 epistolari
1168 3257 1250 3321 ad
1295 3261 1604 3348 Ioannem
1670 3264 1861 3326 Asto-

359 3356 532 3419 rium
556 3398 574 3431 ‚
619 3377 787 3441 quae
826 3356 1066 3422 deinde
1095 3360 1354 3436 occasio
1386 3361 1511 3424 fuit
1540 3363 1676 3427 litis
1711 3384 1855 3429 eru·

359 3457 571 3533 ditae,
615 3475 744 3541 qua
798 3457 941 3542 ipse
991 3473 1060 3522 et
1118 3461 1507 3527 Valsechius
1550 3463 1617 3526 in
1660 3485 1852 3528 causa

355 3559 511 3626 trib.
562 3559 903 3644 potestatis
960 3562 1044 3628 V.
1111 3561 1454 3645 Elagabali
1519 3568 1854 3629 commissi

3265 531 3275 547 ’
3330 555 3474 634 263

1988 737 2091 785 est
2147 724 2290 808 ipse
2335 747 2372 789 a
2416 728 2675 803 Turre,
2745 729 2887 815 ejus
2928 744 3117 795 antea
3177 754 3332 797 acer
3367 757 3480 819 pa·

1985 833 2218 889 tronus
2252 828 2334 910 ο).

2115 928 2434 991 Geminus
2451 929 2606 1016 huic
2619 930 2956 996 habendus
2978 954 3212 998 numus
3225 941 3477 1020 Rapha-

1984 1048 2146 1090 ηεαδ
2165 1028 2393 1111 Syriae
2413 1050 2562 1092 eum
2577 1053 2745 1093 anno
2773 1034 2954 1095 Aoc
2985 1036 3179 1099 variis
3199 1040 3476 1103 eruditis

1985 1130 2261 1192 antehac
2289 1129 2634 1213 probatus,
2674 1131 2790 1194 sed
2822 1131 3022 1196 modo
3059 1138 3318 1220 spurius
3340 1133 3478 1202 oin-

1983 1229 2178 1291 nibus
2205 1231 2518 1308 creditus,
2545 1234 2632 1295 de
2653 1254 2781 1317 quo
2803 1234 2957 1298 vide
2985 1257 3019 1297 a
3051 1259 3160 1302 me
3193 1237 3364 1304 dicta
3403 1243 3476 1304 in

1981 1343 2244 1390 moneta
2279 1332 2421 1411 ejus
2458 1333 2661 1394 urbis.
2750 1340 2998 1398 Tamen
3035 1341 3279 1406 novum
3329 1365 3477 1405 rur-

1982 1446 2092 1488 sus
2141 1428 2471 1493 vindicem
2513 1434 2894 1516 nuperrime
2959 1455 3187 1503 nactus
3235 1456 3335 1505 est
3384 1445 3470 1507 cl.

1985 1529 2574 1608 Sanclementium,
2621 1536 2730 1617 qni
2779 1538 3060 1602 similem
3093 1542 3292 1605 alium
3332 1566 3475 1608 mu·

1983 1630 2082 1702 sei
2134 1632 2237 1694 sui
2280 1634 2459 1694 omni
2507 1656 2779 1717 prorsus
2820 1627 3192 1724 suspicione
3240 1645 3477 1707 immu-

1980 1751 2175 1809 nem,
2221 1746 2291 1795 et
2330 1737 2716 1822 certissimis
2753 1760 2950 1803 verae
3003 1746 3340 1810 vetustatis
3387 1746 3476 1807 si·

1981 1834 2124 1918 gnis
2177 1850 2478 1899 ornatum
2520 1837 2841 1905 adfirmat.
2920 1846 3007 1906 At
3041 1865 3191 1908 eum
3234 1845 3292 1908 is
3333 1865 3473 1908 non

1977 1935 2233 2011 minus,
2279 1958 2354 2002 ac
2401 1942 2806 2026 praecedens
2858 1944 3165 2008 Damasci
3230 1965 3469 2010 numus

1977 2056 2170 2098 causa
2244 2038 2538 2120 epochae
2595 2043 2676 2103 ab
2728 2044 3106 2128 antiquariis
3177 2048 3467 2132 vapulet,

1975 2147 2050 2198 ut
2105 2158 2222 2199 sua
2281 2140 2543 2220 utrique
2619 2142 2886 2207 cimelio
2963 2161 3219 2211 constet
3276 2145 3464 2227 fides,

1977 2250 2268 2302 statuere
2291 2262 2425 2304 non
2455 2241 2745 2321 dubitat,
2781 2244 3155 2311 Faustinam
3178 2249 3286 2313 vel
3306 2273 3471 2314 nun-

1976 2359 2169 2422 quam
2218 2342 2529 2428 conjugio
2576 2366 2726 2409 cum
2777 2347 3141 2429 Elagabalo
3199 2343 3468 2435 copula-'

1977 2452 2108 2503 tam
2152 2441 2397 2521 fuisse,
2442 2446 2553 2509 vel
2601 2460 2822 2522 certe,
2867 2447 2925 2507 si
2967 2447 3260 2529 ejusdem
3299 2473 3469 2516 uxor

1976 2543 2260 2616 exstitit,
2308 2543 2499 2607 etiam
2545 2561 2696 2629 post
2727 2547 3115 2630 repudium,
3161 2565 3230 2612 et
3257 2552 3467 2637 ipsius

1973 2643 2316 2726 Elagabali
2349 2666 2580 2709 necem
2610 2648 2677 2708 in
2713 2647 2966 2710 honore
2996 2649 3279 2714 habitam
3304 2652 3466 2716 fuis·

1975 2763 2047 2804 se
2084 2746 2257 2826 apud
2291 2747 2736 2809 Alexandrum
2775 2748 3098 2811 Severum
3124 2794 3141 2824 ,
3187 2765 3254 2813 et
3290 2753 3464 2835 apud

1974 2845 2270 2910 Orientis
2330 2826 2647 2931 populos,
2717 2870 2909 2933 quam
2980 2849 3177 2912 etiam
3246 2853 3467 2915 numis

1973 2948 2186 3009 omnis
2216 2947 2480 3032 generis
2513 2945 3023 3018 honestarerint.
3070 2952 3237 3020 Vide
3271 2953 3462 3030 haee,

1973 3059 2168 3131 atque
2201 3050 2304 3112 his
2335 3050 2524 3136 plura
2556 3046 2727 3131 apud
2760 3050 2972 3135 ipsum
3004 3066 3340 3118 auctorem
3371 3052 3462 3137 d).
3556 3050 3560 3054 ’

1968 3152 2219 3218 Verum
2249 3151 2403 3214 huic
2433 3150 2678 3233 judicio
2711 3151 3002 3237 graviter
3032 3153 3280 3232 obstat,
3324 3176 3461 3219 non

1975 3250 2174 3315 modo
2234 3253 2413 3338 quod
2454 3253 2836 3338 peritissimi
2887 3253 3131 3339 quique
3195 3269 3459 3320 nostrae

1972 3353 2202 3418 aetatis
2257 3355 2380 3418 hos
2409 3347 2821 3439 'Raphaneae
2864 3375 3129 3432 numos,
3176 3375 3459 3440 quorum

1965 3477 2098 3520 non
2117 3457 2308 3541 pauci
2328 3455 2904 3530 circumferuntur,
2923 3468 2990 3518 et
3007 3456 3140 3519 vidi
3160 3477 3287 3543 ego
3301 3480 3463 3544 quo·

1968 3577 2136 3642 que,
2183 3556 2266 3620 ad
2299 3580 2500 3626 unum
2549 3576 2782 3621 omnes
2818 3555 3291 3635 condemnant,
3339 3559 3460 3623 sed

354 3663 571 3727 fuere.
656 3661 761 3723 De
801 3659 944 3744 ejus
970 3661 1155 3724 numi
1198 3678 1499 3748 suspecta
1541 3664 1672 3729 fide
1715 3666 1845 3748 jam
1962 3660 2157 3722 etiam
2180 3660 2358 3743 quod
2394 3659 2476 3721 de
2517 3658 2707 3722 fabro
2736 3670 3022 3734 constat,
3061 3659 3173 3742 qui
3203 3657 3453 3724 cudere
3549 3704 3558 3712 -

354 3766 468 3849 egi
521 3766 592 3826 in
652 3775 923 3826 'moneta
979 3763 1573 3845 Damascenorum,
1650 3789 1844 3853 quam
1959 3761 2215 3823 solebat
2234 3760 2607 3823 nurnoshos
2626 3756 3191 3841 mendaces,quod
3209 3759 3457 3824 factum.

350 3887 488 3930 non
523 3865 738 3928 minus
766 3867 1110 3930 elevarunt
1145 3864 1270 3929 viri
1304 3868 1416 3930 alii
1448 3867 1686 3951 periti,
1732 3866 1846 3950 qui
1958 3862 2091 3946 jam
2124 3862 2343 3925 obiter
2369 3860 2656 3923 indicavi
2688 3860 2756 3920 in
2784 3858 2927 3942 ejus
2962 3857 3145 3919 urbis
3167 3874 3448 3937 moneta,

353 3987 624 4033 numum
659 3965 785 4053 ipsi
815 3967 1198 4052 inspexere,
1244 3970 1540 4033 utserius
1572 3981 1843 4032 testatus
1958 3978 2030 4028 et
2066 3963 2220 4029 satis
2255 3963 2451 4026 etiam
2494 3959 2805 4025 indicavit
2829 3958 3152 4041 Belloyus
3176 3961 3252 4038 ι’).

2036 4067 2095 4106 (ἵ

1622 4186 2136 4254 PRETIVM.

418 4702 483 4771 a)
524 4693 830 4774 Subplem.
862 4691 944 4752 ad
971 4693 1155 4753 Vaill.

340 4785 501 4866 vulg.
543 4804 681 4844 aera
717 4804 779 4864 p.
818 4789 947 4848 241.
984 4790 1109 4849 242.
1151 4798 1276 4864 seq.

1255 4495 1916 4524 00000000

1302 4694 1376 4767 b)
1416 4694 1553 4771 Pag,
1587 4702 1715 4763 802.
1745 4704 1803 4749 et
1824 4704 1979 4762 1017.

1460 4785 1521 4856 e)
1561 4783 1625 4845 B.
1667 4783 1730 4845 L.
1762 4783 1941 4864 from.
1979 4777 2159 4842 xm.
2197 4798 2260 4859 p.
2300 4779 2391 4845 63.
2430 4794 2550 4853 seq.
2581 4823 2586 4828 .

2117 4694 2184 4763 dc)
2225 4688 2301 4749 de
2321 4706 2454 4747 ann.
2487 4686 2726 4765 Elagab.
2760 4707 2822 4766 p.
2854 4692 2961 4752 174
2989 4703 3110 4764 seq.
3259 4689 3328 4761 d)
3370 4690 3444 4751 de
