4475 5584
965 434 1111 514 192

965 622 1049 667 ex
1102 597 1544 664 monumentis
1602 597 1885 682 publicis
1928 620 2192 686 semper
2248 605 2468 671 erula-

963 720 1167 777 vere,
1228 720 1447 785 neque
1493 699 1722 764 hercle
1784 700 1922 764 ausi
1970 719 2189 770 essent
2243 728 2468 771 mone..

960 804 1131 867 tarii.
1160 823 1236 866 ea
1286 802 1536 867 inferre
1582 802 1838 878 nuruis,
1898 818 1965 867 et
2004 806 2291 871 Severus
2332 806 2467 892 jam

962 906 1031 969 in
1074 903 1290 967 numis
1349 905 1468 981 iis,
1528 903 1642 990 qui
1698 905 1936 989 signati
1994 907 2225 984 fuere,
2288 923 2467 974 ante·

867 1006 879 1054 ‘-
960 1026 1158 1093 quam
1193 1006 1274 1070 de
1316 1006 1461 1091 ejus
1499 1005 1932 1090 parsimonia„
1997 1023 2064 1072 et
2100 1011 2463 1077 acerbitate

963 1122 1315 1184 constaret,
1360 1108 1726 1172 Pertinacis
1756 1111 2023 1179 nomine
2052 1112 2394 1197 gloriatur.

1131 1212 1520 1293 Cognomen
1585 1209 1764 1272 istud
1826 1212 1895 1274 in
1962 1213 2268 1277 omnibus
2321 1215 2462 1299 ejus

959 1310 1374 1385 numisinde
1424 1311 1505 1374 ab
1562 1310 1750 1374 odito
1802 1311 2170 1398 principatu
2211 1314 2464 1402 legitur

952 1433 1163 1499 usque
1197 1411 1280 1475 ad
1314 1413 1714 1476 tribunatum
1730 1416 1873 1481 Vll.
1894 1458 1915 1491 ,
1961 1436 2077 1478 seu
2112 1438 2348 1481 annum
2370 1418 2453 1486 V.

950 1517 1023 1582 C.
1078 1516 1237 1597 952,
1317 1534 1448 1598 quo
1515 1534 1685 1576 auno
1742 1536 1778 1577 a
1845 1518 2245 1582 succedente
2299 1525 2458 1585 Par·

945 1621 1108 1680 mica·
1142 1620 1425 1679 lita-vimi
1448 1615 1640 1678 titulo
1673 1631 2011 1682 extrusum
2056 1634 2189 1697 est,
2232 1640 2452 1707 neque

950 1717 1263 1801 deinceps
1330 1738 1435 1781 me
1486 1719 1552 1778 in
1605 1717 1735 1781 alio
1790 1741 1992 1784 numo
2036 1721 2268 1806 legere
2317 1743 2440 1786 me-

946 1819 1145 1892 mini,
1245 1818 1512 1901 dempto
1591 1836 1723 1882 uno
1782 1823 2101 1885 maximae
2170 1823 2448 1902 formae,

945 1939 1143 2004 quem
1212 1917 1536 2002 descripsi
1596 1918 1679 1982 ad
1738 1943 1977 1985 annum
2038 1924 2125 1991 V.
2175 1927 2246 1987 C.
2306 1923 2452 2007 960,

946 2021 1067 2082 sed
1118 2020 1231 2103 qui
1265 2020 1349 2083 ob
1386 2021 1593 2094 hanc,
1652 2033 1788 2083 tum
1825 2024 2053 2106 plures
2099 2026 2258 2087 alias
2303 2047 2452 2090 cau-

949 2143 1054 2186 sas
1085 2122 1243 2184 mihi
1262 2135 1604 2205 suspectus
1623 2122 1923 2188 habetur.
1969 2129 2201 2212 Neque
2221 2147 2453 2192 moror

943 2244 1136 2300 eum,
1197 2242 1393 2308 quem
1449 2224 1684 2287 recitat
1736 2226 2115 2289 Har-duinus
2162 2228 2257 2308 ⁸),
2335 2228 2449 2314 qui

945 2325 1268 2388 Severum
1305 2323 1518 2388 adhuc
1551 2327 1619 2388 in
1659 2327 1991 2391 tribunatu
2026 2328 2148 2405 X..
2194 2343 2263 2392 et
2294 2351 2451 2394 con-

946 2427 1163 2490 sulatu
1202 2429 1314 2488 111.
1349 2427 1767 2491 Pertinacem
1801 2429 2112 2513 appellat.
2184 2433 2440 2493 Numus

939 2528 1160 2593 fertur
1228 2542 1619 2612 argenteus,
1700 2550 1777 2594 ac
1842 2544 2197 2615 propterea
2254 2544 2438 2595 tanto

936 2629 1145 2714 magis
1179 2644 1558 2713 suspectus,
1617 2631 1771 2716 quia
1809 2631 1985 2695 forte
2031 2635 2438 2714 subaeratus‚

938 2751 1130 2821 quam
1185 2731 1626 2815 suspicionem
1661 2730 2006 2797 confirmat
2030 2737 2329 2821 scriptus
2369 2737 2438 2799 in

938 2845 1215 2917 utraque
1269 2835 1450 2896 numi
1495 2849 1680 2918 parte
1723 2836 1800 2897 P.
1851 2837 1944 2899 M.
2003 2836 2258 2902 titulus.
2366 2837 2440 2902 Si

933 2932 1351 3017 spartianum
1385 2934 1609 2999 audias
1643 2934 1706 3018 h)
1728 2980 1747 3013 ,
1807 2936 1949 3020 ipse
1985 2938 2275 3003 Severus
2325 2961 2445 3006 no·

930 3054 1085 3099 men
1149 3033 1329 3098 istud
1382 3035 1638 3125 aboleri
1704 3037 1941 3115 voluit,
2010 3046 2439 3123 querimonia,

933 3149 1001 3200 ut
1074 3135 1205 3212 ait,
1292 3141 1664 3203 amicorum.
1749 3139 1935 3202 Haec
2004 3142 2216 3205 oratio
2283 3165 2434 3219 cum

1750 414 1840 489 L.
1942 416 2606 497 SEPTIMIVS
2707 423 3274 506 SEVERVS.

3207 619 3458 681 Pius..

2709 794 2859 861 Hoc
2896 797 3091 861 titulo
3112 799 3400 866 Severus
3419 800 3486 864 in
3523 802 3739 869 numis
3755 805 3890 870 suis
3920 808 4087 877 mihi

2579 897 2864 984 cognitis
2895 901 3156 964 nonnisi
3174 923 3342 965 anno
3364 903 3443 972 V.
3464 904 3540 969 C.
3560 907 3687 989 954
3706 907 3801 971 uti
3832 907 4084 995 incipit.

2576 999 2666 1063 At
2707 1020 3036 1066 marmora
3090 1023 3241 1067 eum
3279 1003 3409 1087 jam
3457 1005 3528 1069 in
3576 1006 3911 1075 tribunatu
3940 1012 4082 1092 111..

2579 1122 2698 1168 seu
2737 1105 2823 1173 V.
2850 1106 2927 1170 C.
2963 1105 3089 1191 948
3132 1110 3322 1170 Pium
3378 1126 3741 1193 agnoscunt
3774 1109 3860 1191 c).
3904 1111 4082 1208 Quin

2578 1218 2646 1267 et
2694 1204 2763 1267 in
2806 1210 3052 1271 aversa'
3083 1230 3460 1275 numerum.
3492 1211 3869 1280 caracallae
3923 1221 4086 1284 Cae·

2578 1288 2780 1382 saris,
2843 1307 2957 1391 qui
2989 1329 3222 1371 omnes
3260 1324 3411 1375 ante
3455 1335 3692 1379 annum
3733 1319 3819 1389 V.
3850 1320 3923 1384 C.
3955 1329 4075 1406 95¹

2571 1408 2870 1492 percussi
2903 1422 3092 1485 sunt,
3135 1408 3263 1493 jam
3318 1416 3695 1500 reperimus
3723 1420 4084 1506 scriptum3

2574 1510 2913 1579 SEVERI.
2948 1512 3151 1580 AVG.
3191 1516 3328 1577 ΡΠ.
3363 1517 3530 1580 Fu..
3574 1520 3759 1605 Ergo
3780 1521 3907 1606 jam
3945 1525 4084 1610 pri·

2571 1609 2720 1673 de‘m
2756 1632 3000 1676 nomen
3025 1614 3200 1676 istud
3226 1616 3351 1678 sibi
3379 1622 3729 1705 proprium
3766 1622 3944 1688 fecit.
3989 1626 4084 1692 At

2570 1731 2652 1774 ex
2701 1731 2833 1798 quo
2868 1714 3037 1778 illud
3080 1714 3151 1776 in
3193 1733 3522 1785 monetam
3575 1746 3756 1789 suam
3796 1727 4072 1813 recepit,

2569 1834 2777 1899 usque
2845 1814 2931 1879 ad
3003 1816 3250 1880 exitum
3319 1823 3595 1891 retinuit
3673 1819 4074 1896 constanter.

2571 1920 2862 2000 Tempus
2906 1936 3071 2004 ergo
3122 1918 3414 2006 adoptati
3472 1927 3617 2011 ejus
3665 1927 3843 1992 tituli
3896 1929 4076 1993 haud
4173 1924 4186 1929 “

2566 2015 2766 2081 dubie
2797 2031 2899 2081 est
2933 2018 3076 2103 ejus
3105 2021 3475 2090 tribunatus
3500 2030 3636 2107 111„
3678 2050 3830 2093 nam
3860 2029 4077 2094 tribu-

2564 2132 2752 2182 natus
2783 2122 2866 2184 11.
2902 2142 3228 2187 marmora
3253 2127 3479 2192 omnia
3516 2149 3599 2194 eo
3617 2129 3945 2197 abstinent
3975 2129 4064 2211 d),

2565 2241 2890 2285 marmora
2908 2223 3273 2289 tribunatus
3287 2230 3398 2293 111.
3416 2230 3540 2294 alia
3561 2231 3682 2297 illo
3716 2247 3946 2299 carent
3976 2235 4064 2315 ο),

2563 2322 2690 2385 alia
2723 2323 3061 2401 adserunt,
3107 2340 3179 2388 ut
3210 2327 3368 2395 dixi.
3411 2333 3500 2396 Et
3533 2353 3695 2399 vero
3727 2337 3798 2398 in
3827 2335 4070 2402 eodem

2561 2421 2896 2486 tribunatu
2932 2427 3042 2487 111.
3087 2448 3328 2512 nempe
3364 2432 3445 2499 V.
3482 2435 3554 2497 C.
3589 2437 3717 2515 948
3762 2436 4072 2516 vidimus,

2555 2522 2877 2586 Severum
2910 2546 2982 2588 se
3030 2529 3123 2588 M.
3168 2532 3443 2597 Aurelio
3475 2533 3913 2622 adoptandum
3956 2536 4071 2604 de·

2552 2623 2749 2699 disse,
2778 2639 2848 2689 et
2888 2645 3035 2690 sese
3077 2627 3146 2689 in
3194 2634 3410 2698 numis
3468 2636 3811 2724 scripsisse
3846 2642 4061 2713 mvl.

2551 2727 2644 2786 M.
2682 2729 2823 2790 Pu.
2871 2731 3135 2794 Filium.
3207 2731 3432 2829 Quare
3479 2751 3546 2801 et
3584 2739 3732 2825 ipse
3791 2741 3973 2806 velut
4031 2762 4073 2809 ο

2553 2841 2744 2912 patre
2772 2829 3249 2897 hereditarium
3288 2835 3465 2904 bunc
3499 2840 3625 2902 sibi
3661 2842 3924 2907 titulum
3949 2842 4065 2908 ad-

2558 2929 2750 2995 scivit
2791 2951 2941 2994 cum
2988 2931 3143 2997 filiis
3188 2957 3451 3024 quoque
3479 2946 4062 3025 communicatum,

2554 3044 2629 3095 ut
2657 3032 2727 3095 in
2759 3033 3175 3100 his-dicetur.

3095 3225 3514 3293 Invictus.

932 3250 1163 3321 suapte
1210 3237 1381 3300 nihil
1444 3239 1645 3303 habet
1699 3238 2219 3324 probabilitatis,
2280 3266 2437 3310 con-

930 3353 1298 3424 stanteper
1335 3359 1564 3405 omnes
1605 3340 1870 3404 ordines
1901 3340 1967 3402 in
2007 3341 2429 3411 Pertinacem
2678 3357 2822 3420 Hoc
2855 3356 3077 3442 elogio
3113 3359 3470 3427 decoratur
3512 3367 3578 3429 in
3617 3390 3846 3434 aversa
3870 3374 4057 3437 numi

934 3439 1231 3517 adfectu,
1295 3453 1434 3503 tum
1491 3442 1759 3526 copiose
1801 3442 2129 3511 refutatur
2171 3469 2207 3510 a
2261 3471 2431 3513 mar·
2543 3457 2750 3521 Getae
2768 3459 3086 3537 Caesaris,
3107 3463 3826 3539 SEVERMNVICTI.
3843 3475 4049 3540 AVG.

931 3541 1228 3608 moribus
1254 3540 1627 3623 veteribus,
1676 3564 1958 3626 quorum
1992 3546 2108 3612 illa
2143 3571 2437 3636 quoque,
2548 3561 2685 3623 P-lt.
2720 3563 2888 3626 FIL.
2908 3606 2926 3637 ‚
2958 3562 3118 3626 item
3152 3564 3221 3628 in
3255 3589 3459 3633 numo
3492 3590 3689 3657 supra
3720 3576 3802 3644 V.
3830 3577 3903 3640 C.
3923 3579 4052 3661 954

928 3663 1099 3730 quae
1171 3636 1292 3706 sub
1359 3640 1504 3725 ejus
1573 3662 1918 3710 excessum
1984 3650 2197 3732 posita
2255 3668 2429 3731 sunt,
2548 3660 2918 3747 descripto,
2965 3665 3034 3729 in
3067 3666 3266 3748 cujus
3298 3673 3511 3737 antica
3564 3673 3707 3759 ipse
3747 3691 3816 3741 et
3852 3678 4047 3744 Cara·

930 3749 1328 3811 Pertinacem
1363 3744 1686 3810 Severum
1716 3750 2071 3835 appellant.
2116 3752 2330 3839 Saepe
2359 3756 2432 3820 in
2546 3763 2718 3828 calla
2783 3765 3127 3833 dicuntur:
3207 3774 3442 3836 IMPP.
3505 3776 3856 3845 INVICTI.
3900 3782 4044 3846 P11.

930 3846 1148 3911 numis
1187 3845 1368 3911 tituli
1399 3859 1663 3912 veteres
1709 3866 1987 3937 propter
2026 3858 2429 3922 contractius
2544 3866 2807 3933 AVGG.
2852 3870 3085 3933 Numis
3122 3871 3290 3935 adde
3321 3877 3661 3961 complura
3692 3900 4043 3946 marmora.

926 3948 1209 4034 spatium
1262 3967 1583 4027 a-recens
1637 3954 1808 4018 natis
1859 3955 2009 4023 loco
2050 3974 2425 4039 moventur,
2541 3966 2837 4033 'l'itulum
2892 3970 3067 4034 hunc
3127 3974 3252 4037 sibi
3300 3980 3671 4060 promeruit
3720 4001 3803 4046 ex
3853 3982 4038 4049 bello
4089 3984 4100 3991 '

925 4070 1096 4137 quae
1139 4064 1361 4116 tamen
1415 4074 1455 4117 a
1500 4055 1940 4121 marmoribus
1987 4060 2205 4125 omnia
2256 4064 2425 4128 reci-
2538 4068 2851 4135 Parthico
2885 4093 3136 4138 summa
3174 4070 3418 4140 virtute
3453 4095 3663 4164 gesto.
3710 4085 3784 4146 In
3822 4084 4043 4151 numis

922 4151 1219 4238 piuntnr.
1317 4153 1432 4219 Sic
1508 4169 1580 4220 et
1638 4162 2007 4225 Parthicum
2061 4167 2424 4230 Maximum
2537 4167 3012 4253 imperatorum
3065 4174 3404 4243 inferioris
3435 4183 3619 4263 aevi,
3663 4186 4039 4271 praecipue

922 4253 1102 4320 baud
1132 4256 1340 4322 multo
1376 4258 1909 4326 serius-extrusit
1922 4264 2146 4334 PtVS.
2536 4271 2782 4352 Probi,
2823 4272 2937 4342 hic
2974 4277 3205 4342 titulus
3237 4279 3498 4349 obvius.

995 4603 1059 4676 a)
1099 4601 1244 4662 nist.
1282 4605 1435 4683 Aug.
1472 4602 1555 4664 ad
1587 4605 1769 4669 V.·C.
1807 4612 1897 4676 56.
1990 4608 2056 4684 b)
2094 4609 2160 4672 in
2192 4613 2415 4677 Severo
2445 4635 2502 4677 c.
2532 4632 2585 4687 7.
2696 4622 2760 4695 c)
2802 4620 2973 4681 Grut.
3012 4627 3302 4702 p.-266.6.
3341 4627 3649 4691 Chandler
3681 4631 4026 4700 lusci-..ant

928 4711 989 4771 p.
1022 4704 1109 4760 ιτ·
1258 4691 1327 4766 d)
1369 4694 1590 4758 Gruter
1617 4717 1679 4778 p·
1715 4700 1849 4766 263.
1887 4720 2049 4760 num.
2083 4714 2136 4769 3.
2164 4710 2219 4768 4.
2250 4714 2306 4771 5.
2335 4706 2390 4772 6.
2545 4712 2611 4785 e>
2629 4709 2805 4773 ibid.
2832 4734 2891 4795 p.
2922 4722 3012 4779 4ο.
3051 4728 3138 4780 ιι.
3179 4720 3392 4782 uun-at.
3432 4739 3493 4799 p.
3528 4731 3652 4798 189·
3684 4734 3737 4787 2.
