4475 5584
1553 427 2263 561 conmoova

380 671 451 721 et
505 654 961 718 Buonnrrotus
993 651 1087 733 ⁸),
1149 672 1310 738 quos
1358 653 1488 737 jam
1560 654 1871 720 refutavit

376 761 725 827 Bimardus
757 762 846 840 ὴ).

500 861 842 945 Principio
878 878 1063 922 nsum
1097 857 1471 923 nominibus
1505 861 1578 920 1..
1618 861 1875 921 Aurelii

379 969 742 1040 Commodi,
804 961 1001 1047 piimi
1038 960 1193 1042 ejus
1249 960 1431 1021 nu'mi
1459 959 1718 1022 docent
1797 962 1871 1021 In

374 1071 516 1145 his,
564 1065 796 1129 saltem
831 1064 991 1127 mihi
1046 1061 1358 1148 cognitis,
1402 1064 1584 1124 Aelia·
1630 1082 1870 1147 nomen

372 1191 508 1237 non
545 1169 844 1241 additur,
891 1164 1008 1226 sed
1038 1184 1117 1226 co
1151 1164 1347 1225 etiam
1383 1177 1521 1228 tum
1554 1162 1684 1245 jam
1713 1161 1873 1223 suis-

379 1294 455 1337 se
488 1269 897 1357 praeditum,
945 1265 1140 1330 docet
1171 1264 1312 1348 ejus
1333 1265 1561 1326 aetatis
1582 1284 1870 1326 marmor

372 1373 878 1444 Gruterianum,
930 1368 998 1429 in
1030 1388 1160 1452 quo
1191 1366 1440 1449 legitur
1470 1366 1565 1444 c),
1609 1366 1691 1426 L.
1724 1365 1870 1425 AE-

370 1478 556 1542 LIO.
587 1470 1007 1540 AVRELIO.
1041 1466 1241 1534 AVG.
1277 1470 1352 1529 F.
1385 1466 1866 1531 COMMODO·

370 1567 569 1648 COS‘.
613 1572 910 1639 Retinuit
946 1572 1110 1633 haec
1144 1568 1405 1631 nomina
1438 1567 1633 1634 etiam
1652 1570 1871 1651 Augu-

368 1697 556 1756 stus,
618 1692 685 1741 et
737 1675 1052 1757 leguntur
1096 1669 1308 1734 adhuc
1346 1670 1413 1731 in
1454 1669 1669 1730 numis
1717 1667 1868 1730 anni

370 1786 463 1852 V.
495 1784 567 1846 C.
613 1777 762 1862 933.
828 1774 960 1836 Sed
1000 1774 1128 1836 hoc
1178 1771 1446 1834 labente
1497 1769 1865 1853 repudiavit

370 1899 783 1971 praenomen
819 1880 1009 1939 Lucii
1032 1919 1050 1951 ,
1094 1886 1355 1936 retento
1391 1871 1585 1933 etiam
1611 1869 1870 1932 nonnisi

368 2005 529 2049 raro
585 1983 655 2044 in
692 1978 909 2042 numis
963 1975 1217 2039 Aurelii
1259 1971 1562 2045 nomine,
1636 1972 1869 2056 hisque

370 2101 650 2172 paterna
675 2080 939 2143 nomina
991 2083 1077 2140 M.
1107 2081 1425 2140 Antonini
1453 2072 1752 2148 suffecit,
1804 2088 1871 2135 et

367 2184 674 2274 perrexit
714 2182 819 2244 his
871 2180 965 2242 uti
1012 2199 1180 2240 anno
1236 2177 1446 2239 adhue
1476 2177 1555 2242 V.
1593 2175 1665 2234 C.
1717 2176 1871 2254 944.

369 2288 676 2354 Labente
714 2282 843 2346 hoc
890 2296 1187 2362 tempore
1230 2277 1433 2339 homo
1486 2275 1704 2338 varius
1763 2295 1869 2337 rev·

371 2392 555 2475 cepit
631 2401 855 2453 vetera
915 2381 1184 2462 nomina
1242 2383 1318 2442 1..
1367 2381 1551 2442 Aelia·
1612 2379 1871 2441 Aurelii

370 2495 623 2557 omisso
675 2489 869 2552 etiam
900 2486 1257 2559 Antonini,
1300 2480 1512 2565 iisque
1546 2498 1753 2564 nsque
1785 2478 1869 2540 ad

372 2593 628 2656 exitum
659 2591 834 2651 vitae
864 2599 962 2649 est
997 2605 1152 2646 usus
1187 2584 1458 2666 egregie
1474 2603 1622 2644 cum
1655 2580 1870 2642 numis

373 2692 800 2776 conspirante
822 2686 1009 2749 titulo
1036 2685 1402 2757 literarum,
1442 2703 1635 2767 quem
1650 2681 1871 2766 proxi-

371 2816 489 2859 me
510 2814 589 2856 ex
609 2792 831 2853 Dione
853 2787 1067 2852 citavi.
1099 2785 1263 2869 Ejus
1285 2783 1657 2848 variationis
1678 2803 1870 2844 eausa

367 2894 864 2965 fueriteadem,
912 2909 1077 2974 quae
1108 2887 1495 2951 totaliorum
1526 2880 1872 2996 Commodi
1924 2927 1933 2936 .

371 2996 622 3062 stolide
652 2995 998 3057 factorum.

508 3095 853 3164 LVCIVS.
894 3096 953 3157 A
982 3112 1113 3178 quo
1147 3109 1547 3174 praenomen
1587 3088 1714 3149 hoc
1745 3099 1875 3148 tra-

373 3203 590 3276 xerit,
637 3220 772 3261 non
805 3197 1163 3260 meminere
1193 3206 1472 3254 veteres.
1515 3192 1868 3251 Paternum

374 3319 565 3371 certe
596 3323 729 3365 non
759 3299 902 3363 fuit.
949 3296 1226 3365 Videtur
1257 3293 1357 3355 illi
1413 3316 1447 3356 a
1484 3305 1667 3374 patre
1709 3290 1872 3351 indi-

370 3423 518 3471 tum
559 3405 627 3466 in
668 3401 889 3465 fratris
942 3396 1230 3480 adoptivi
1266 3395 1521 3463 L.Veri
1576 3393 1868 3476 gratiam,

372 3533 415 3573 a
466 3527 605 3593 quo.
632 3499 993 3568 verisimile
1032 3512 1129 3561 est
1159 3511 1224 3560 et
1260 3499 1580 3560 Commodi
1604 3514 1869 3569 nomen,

373 3608 465 3674 ab
498 3605 771 3669 Aurelia
813 3617 1008 3687 gente
1042 3614 1271 3684 cetera⁸
1296 3598 1580 3660 alienum
1602 3641 1619 3672 ,
1665 3596 1869 3657 fuisse

375 3710 683 3797 petitum.
747 3707 1053 3777 Constat,
1096 3701 1437 3765 Aurelium
1484 3718 1650 3761 anno
1680 3701 1762 3764 V.
1797 3697 1868 3758 C.

372 3821 549 3891 914,
593 3829 723 3893 quo
770 3807 1043 3869 fratrem
1075 3801 1337 3887 imperii
1385 3800 1727 3882 conlegam
1765 3799 1872 3868 ad-

380 3911 618 3987 scivit,
661 3909 818 3973 huic
847 3928 970 3992 pro
1006 3920 1231 3971 vetere
1262 3905 1339 3966 L.
1376 3901 1719 3965 Commodi
1758 3922 1874 3962 no-

379 4015 562 4078 mine
611 4009 925 4074 indidisse
971 4027 1209 4071 nomen
1256 4007 1332 4066 L.
1357 4003 1541 4073 Veri.
1601 4003 1875 4067 Placue-

3327 504 3490 607 1³5⁴,

1987 760 2189 825 Avn.
2236 763 2324 820 M.
2379 762 2857 831 comnono.
2905 765 2970 848 d)
3027 670 3476 855 εεᾱιὲεἚῗζ

1986 857 2121 922 fide
2184 861 2436 925 dubitat
2495 863 2639 947 ipse
2690 865 2940 941 editor,
3004 886 3069 932 et
3103 870 3479 936 subdubitat

1988 971 2250 1045 quoque
2285 961 2599 1046 Mariuius
2631 966 2709 1046 ο).
2776 969 2946 1037 Vide
3002 971 3081 1033 de
3130 972 3256 1036 hoc
3286 975 3492 1058 argu-'

1987 1076 2231 1125 mento·
2254 1064 2566 1127 nonnulla
2601 1066 2724 1130 alia
2757 1070 2826 1132 in
2856 1074 3068 1134 numis
3102 1075 3341 1153 Getae,
3374 1097 3483 1140 cu-

1982 1160 2087 1242 jus
2123 1184 2386 1247 quoque
2417 1171 2836 1249 praenomina
2881 1174 3236 1239 variarunt.

2110 1265 2448 1331 AELIVS.
2495 1267 2640 1331 Hoc
2677 1271 3026 1335 illinomen
3064 1275 3218 1338 inde
3252 1277 3332 1339 ab
3351 1279 3483 1342 Ha·-

1983 1363 2210 1427 driano
2281 1388 2403 1449 per
2445 1371 2764 1453 repetitae
2827 1375 3195 1459 adoptionis
3253 1379 3476 1496 legem

1988 1465 2284 1529 accessit.

2096 1566 2331 1632 '0P1VS
2387 1569 2490 1631 De
2535 1592 2726 1636 causa
2773 1576 2997 1640 collati
3043 1579 3232 1661 hujus
3269 1582 3476 1666 elogii

1985 1668 2095 1749 egi
2136 1667 2215 1729 ad
2255 1689 2488 1734 annum
2527 1676 2606 1741 V
2637 1676 2708 1737 C.
2745 1676 2907 1758 936,
2973 1701 3102 1763 quo
3144 1682 3309 1745 illud
3341 1685 3478 1768 pri

1983 1791 2160 1831 mum
2210 1770 2279 1832 in
2332 1774 2548 1836 numis
2585 1775 2851 1859 legitur.
2911 1780 3157 1842 Pium
3135 1804 3261 1863 jam
3303 1805 3472 1849 anno

1985 1872 2106 1954 934
2138 1874 2342 1939 fuisse
2378 1875 2619 1938 dietum
2644 1922 2660 1950 ,
2723 1879 2953 1954 ,statuit
2987 1881 3473 1946 mediobarbus.

1985 1977 2132 2036 Non
2173 1976 2488 2061 impugno
2538 1979 2853 2040 maturius
2882 1980 3055 2043 istud
3093 1982 3473 2057 exordium;

1984 2096 2130 2136 nam
2167 2090 2422 2159 poterat
2457 2077 2697 2140 vidisse
2733 2102 2965 2143 numos
3001 2083 3262 2165 ignotos
3292 2087 3474 2149 mihi.

1983 2177 2071 2237 At
2114 2197 2234 2238 cur
2278 2177 2493 2255 idem,
2542 2181 2653 2264 qui
2698 2181 2838 2261 ejus
2883 2182 3056 2244 tituli
3097 2187 3345 2248 natales
3389 2188 3474 2250 ad

1983 2299 2220 2339 annum
2264 2275 2347 2346 V.
2379 2281 2452 2342 C.
2489 2278 2616 2362 934
2673 2279 2854 2365 figit,
2901 2283 3059 2366 *jam
3117 2286 3196 2348 ad
3268 2310 3473 2352 annos

1982 2378 2156 2441 hunc
2190 2380 2664 2464 praecedentes
2696 2385 3041 2446 Commodi
3085 2386 3475 2454 numismata

1983 2480 2138 2543 citat
2181 2484 2299 2543 PII
2342 2500 2580 2543 nomen
2611 2483 3100 2564 praeferentia?
3145 2489 3472 2553 Statutum

1986 2602 2022 2642 a
2067 2601 2171 2642 me
2220 2583 2560 2646 exordium
2627 2584 3057 2668 comprobant
3098 2592 3278 2651 numi
3322 2594 3476 2655 Ale-

1986 2681 2329 2758 xandrini,
2400 2684 2469 2744 in
2513 2682 2747 2767 quibus
2782 2684 3010 2747 titulus
3059 2684 3473 2757 G‘rceBHc

1987 2804 2117 2846 non
2158 2784 2405 2868 legitur
2436 2799 2583 2847 ante
2630 2806 2865 2848 annum
2903 2784 3062 2863 ΚΔ,
3109 2792 3218 2875 qui
3251 2794 3475 2877 coepit

1985 2885 2054 2946 in
2087 2885 2266 2947 'rhot
2310 2887 2387 2952 V.
2429 2886 2500 2948 C
2540 2884 2684 2968 936.

2111 2986 2402 3048 FELIX.
2463 2988 2698 3049 Narrat
2751 2988 3166 3072 Lampridius
3216 2990 3290 3073 f),
3362 2994 3472 3058 da·

1986 3101 2122 3150 tum
2185 3088 2361 3150 hunc
2429 3086 2691 3148 titulum
2743 3090 3145 3166 Commodo,
3217 3109 3475 3177 postea·

1986 3209 2179 3272 quam
2259 3188 2614 3263 Perennis,
2693 3190 2803 3272 qui
2855 3191 3137 3255 inhiasse
3192 3194 3473 3279 imperio

1984 679 2226 721 nomen
2300 660 2676 745 conjungit,
2764 664 3046 749 scripto:

1970 3279 2415 3366 ‘ci-edebatur,
2479 3311 2627 3352 cum
2686 3291 2932 3354 familia
2959 3307 3058 3356 est
3095 3297 3473 3361 exstinctus.

1986 3391 2133 3454 Hoc
2195 3391 2556 3474 Lampridii
2643 3392 3088 3457 testimonium
3150 3397 3476 3462 mendacii

1988 3493 2201 3578 arguit
2239 3493 2741 3570 Tillemontius,
2822 3499 3124 3579 quoniam
3174 3500 3479 3564 Commo·

1987 3594 2106 3655 dus
2144 3594 2276 3677 jam
2327 3595 2393 3655 in
2443 3595 2659 3656 numis
2703 3597 2852 3657 anni
2885 3599 2968 3662 V.
3007 3600 3080 3660 C.
3110 3598 3233 3682 934
3288 3605 3477 3667 Felice

1988 3694 2225 3759 dicitur
2242 3739 2259 3770 ,
2296 3695 2616 3757 Perennis
2636 3710 2850 3758 autem
2872 3699 3098 3760 saltem
3117 3703 3479 3787 quinquen-

1985 3795 2096 3859 nio
2159 3796 2370 3857 serius
2432 3816 2661 3859 caesus
2718 3797 2802 3859 sit
2833 3804 2915 3875 3).
2993 3799 3076 3861 At
3125 3802 3359 3885 quibus
3407 3806 3479 3867 in

1984 3896 2243 3960 numis?
2285 3894 2717 3973 Mediobarbi,
2765 3917 2929 3982 quos
2955 3896 3096 3983 ipse
3137 3914 3337 3966 testes
3366 3904 3477 3967 ad-

1991 4012 2195 4062 vocat.
2239 4000 2488 4065 Verum
2533 4017 2931 4082 magnopere
2972 4022 3009 4062 a
3045 4001 3477 4067 mediobarbo

377 4118 469 4179 rit
502 4116 706 4199 igitur
745 4110 1119 4191 ademptum
1145 4110 1221 4170 L.
1255 4104 1600 4170 Commodi
1630 4124 1871 4167 nomen
1989 4101 2318 4163 diversum
2360 4098 2599 4161 docent
2640 4099 2822 4159 numi
2865 4119 2994 4161 non
3041 4101 3308 4185 ignave,
3356 4106 3477 4168 sed

380 4214 820 4289 resuscitare,
864 4212 1033 4274 illud
1078 4211 1147 4272 in
1186 4209 1394 4272 filium
1430 4206 1677 4289 aliquot
1723 4218 1875 4288 post
1990 4199 2268 4275 maturo,
2323 4213 2393 4261 ut
2440 4200 2750 4282 oportuit,
2795 4200 3090 4263 examine
3138 4202 3474 4288 descripti,

382 4335 647 4381 menses
664 4329 887 4378 natum
907 4311 1383 4375 transferendo.
1428 4307 1719 4372 Exhibet
1736 4311 1876 4369 Mu·
1990 4314 2182 4384 atque
2211 4299 2280 4361 hi
2300 4299 2727 4382 Commodum
2755 4302 3014 4363 nonnisi
3029 4301 3287 4366 labente
3307 4327 3480 4370 anno

381 4420 672 4484 rator-ius
720 4436 1042 4492 marmor,
1099 4413 1277 4499 quod
1309 4426 1658 4497 utrumque
1690 4429 1877 4495 prae·
1987 4404 2141 4470 V.C
2181 4403 2327 4484 938.
2374 4405 2646 4465 Felicem
2665 4401 3283 4488 denique-salutant.
3331 4407 3478 4471 Stet

376 4545 3481 4579 ——————-———————-————-————-——-—-

491 4633 550 4705 a)
591 4631 900 4691 Osservaz.
938 4649 1004 4706 p.
1043 4639 1164 4693 ¹03.
1327 4624 1397 4701 b>
1452 4626 1516 4683 in
1553 4624 1742 4702 Epist.
1774 4622 1853 4681 ad
1881 4620 2094 4681 Mafl‘ei.
2130 4641 2224 4698 ap.
2255 4620 2470 4707 blut-at.
2497 4619 2666 4678 Tom.
2701 4618 2746 4680 1.
2778 4639 2912 4695 pag.
2949 4629 3077 4680 122.
3242 4623 3302 4694 c)
3341 4623 3474 4699 Pag.

395 4728 518 4791 261.
555 4740 607 4792 7·
760 4720 831 4795 d)
871 4721 1007 4796 Pag·
1051 4729 1180 4783 242.
1217 4727 1270 4781 5.
1384 4720 1445 4792 e)
1483 4719 1641 4775 Frat.
1682 4733 1804 4775 arv.
1836 4733 1901 4792 p.
1932 4722 2057 4777 355.
2168 4712 2218 4784 ί)
2260 4711 2405 4787 Cap.
2446 4718 2502 4771 8.
2534 4759 2542 4766 .
2611 4711 2674 4786 g)
2712 4707 3118 4768 incommodo
3149 4730 3211 4788 p.
3233 4729 3310 4772 m.
3351 4717 3474 4778 ⁷0?-
