4475 5584
1095 501 1244 579 lisa

1099 682 1280 748 mue,
1325 666 1545 738 datum
1597 660 1792 727 etiam
1834 655 1960 722 fuit
1994 654 2328 719 Salonino.
2405 655 2589 738 Ergo

2291 464 3008 546 SALONINVS.

2710 675 2891 719 suam
2941 651 3075 716 suis
3111 647 3315 737 ipsius
3365 645 3563 712 armis
3601 624 3859 714 evertit.
3939 650 4116 713 Nam
4154 652 4209 715 si

1101 774 1271 837 nihil
1329 770 1531 835 habet
1587 762 1656 825 iu
1732 759 1834 823 his
1906 758 2122 821 nuruis
2176 755 2593 830 Valerianus,
2660 757 2816 820 'hic
2861 752 3373 819 consecrationis
3429 762 3669 813 n‘umus
3720 764 3822 814 est
3863 751 4202 818 Valeriani

1103 873 1285 961 quod
1333 870 1459 935 sibi
1498 885 1660 953 prae
1691 875 1935 946 nepote
1977 857 2256 923 faveret.
2339 858 2425 920 At
2459 876 2596 919 me-
2629 909 2635 917 .
2704 857 3017 943 junioris,
3060 873 3332 919 necesse
3366 867 3488 929 est,
3521 873 3670 942 eum
3710 871 3857 914 esse
3875 852 4206 936 signatum

1101 985 1320 1037 morat
1381 968 1575 1033 nobis
1630 962 1978 1031 Bimardus
2051 973 2439 1045 argenteum
2509 978 2593 1022 ex

1104 1094 1338 1137 museo
1372 1069 1690 1134 Rothelin
1722 1070 1815 1146 ·)=

1387 1164 1969 1242 VALERIANVS.
2003 1164 2084 1229 P.
2117 1162 2196 1226 F.
2229 1160 2435 1231 AVG.
2483 1163 2599 1224 Ca·

1378 1284 1505 1355 put
1533 1274 1881 1334 radiatum.

1108 1368 1754 1441 CONSACRATIO.
1838 1370 2086 1454 Aquila
2156 1369 2600 1447 imperatorem

1109 1497 1361 1542 sursum
1385 1477 1585 1555 effert.

1235 1578 1520 1640 Numum
1562 1575 1738 1638 hunc
1787 1569 2198 1636 confidenter
2243 1564 2602 1633 Valeriano

1110 1678 1245 1762 jun.
1307 1676 1586 1752 tribuit,
1661 1674 1913 1757 aitque,
1992 1692 2077 1734 ex
2144 1691 2236 1749 eo,
2294 1662 2602 1750 intelligi,

1109 1782 1287 1842 hunc
1337 1795 1599 1863 quoque
1665 1774 2030 1858 principem
2089 1768 2605 1857 consecrationis

977 1952 992 1961 ,
1109 1881 1431 1944 honorem
1462 1876 1831 1942 abstulisse.
1901 1878 1987 1937 At
2023 1874 2199 1941 enim
2242 1871 2603 1933 secundum

1115 2004 1229 2057 ea,
1291 1997 1458 2064 quae
1500 1978 1820 2053 diximus,
1884 1975 2048 2037 nihil
2094 1974 2292 2037 habet
2338 1992 2598 2047 numus,

1117 2080 1297 2168 quod
1325 2101 1458 2142 non
1505 2092 1572 2140 et
1602 2094 1790 2157 suurn
1827 2074 2130 2159 profiteri
2164 2089 2388 2160 posset
2421 2073 2605 2136 Salo·

1114 2183 1331 2245 ninus.
1417 2178 1595 2275 Quid
1645 2175 1822 2262 quod
1856 2175 2093 2238 adduci
2132 2195 2266 2239 non
2315 2195 2603 2258 possum,

1118 2297 1196 2347 ut
1237 2280 1501 2345 credam
1527 2324 1545 2355 ,
1602 2278 2027 2346 Valerianum
2067 2275 2393 2359 juniorem
2418 2319 2437 2351 ,
2482 2273 2608 2336 etsi

1115 2364 1485 2468 Augustum
1529 2379 1734 2443 fuisse
1780 2375 2044 2454 demus,
2107 2378 2434 2441 coelestes
2494 2395 2607 2439 un-

1115 2506 1311 2570 quam
1353 2485 1642 2545 honores
1688 2479 2013 2546 sortitum.
2096 2480 2336 2542 Narrat
2371 2478 2608 2548 Victor

1112 2589 1183 2651 in
1230 2582 1658 2657 Caesaribus,
1717 2591 2015 2645 coactum
2075 2578 2281 2643 fuisse
2338 2601 2375 2643 a
2419 2579 2610 2644 Clau·

1115 2688 1227 2751 dio
1271 2697 1606 2758 senatum,
1650 2696 1721 2746 ut
1765 2678 2140 2745 Gallienum
2187 2682 2256 2743 in
2301 2679 2607 2744 divorum

1114 2809 1462 2853 nnmerum
1522 2784 1847 2860 referret,
1910 2805 2102 2868 quam
2168 2781 2610 2846 consecratio·

1114 2913 1270 2955 nem
1304 2892 1372 2951 iu
1398 2886 1734 2949 hominem
1775 2866 2266 2969 spurcissimum
2302 2884 2609 2947 collatam

1115 2991 1356 3057 acerbe
1391 2988 1788 3075 insectatur-p
1817 2989 1914 3049 An
1938 2987 2246 3053 tacuisset
2279 2999 2415 3048 tum
2442 3028 2460 3060 ,
2501 3005 2612 3068 pa-

1112 3114 1255 3157 rem
1303 3078 1625 3154 honorem
1687 3086 2105 3171 impetratum
2165 3088 2361 3151 etiam
2421 3085 2613 3148 fratri

1117 3194 1356 3258 eodem
1417 3205 1719 3272 tempore
1763 3208 1838 3253 ac
1892 3189 2045 3252 loco
2104 3178 2229 3251 un‘a
2289 3207 2437 3250 cum
2481 3187 2611 3250 hoc

1115 3290 1554 3375 interempti?
1639 3291 1728 3352 Et
1784 3311 1864 3351 an
1925 3288 2301 3364 credibile,
2351 3300 2612 3350 exstare

1119 3393 1486 3460 consecrati
1530 3389 1725 3471 hujus
1764 3390 2100 3459 Valeriani
2131 3408 2413 3464 numos,
2460 3407 2610 3451 eum

1109 3497 1438 3561 hactenus
1474 3489 1885 3568 Gallienum,
1929 3489 2014 3553 de
2049 3488 2236 3577 cujus
2271 3508 2615 3555 consecra-

1114 3598 1302 3661 tione
1350 3592 1519 3658 certi
1552 3611 1637 3654 ex
1661 3591 1938 3657 Victore
1971 3611 2194 3654 sumus
2216 3634 2234 3666 ,
2280 3610 2364 3655 ex
2397 3591 2611 3654 numia

1118 3706 1578 3763 consecratum
1633 3691 2063 3777 ignoremus?
2144 3693 2379 3777 Neque
2436 3693 2611 3756 enim

1119 3797 1278 3883 satis
1313 3792 1399 3860 ad
1429 3790 1631 3856 fidem
1672 3790 1948 3857 idoneos
1986 3807 2145 3878 puto
2182 3794 2439 3880 aliquos
2470 3793 2614 3878 ejus

1121 3900 1294 3964 divis
1326 3893 1639 3977 adscripti
1680 3914 1952 3974 numos,
1997 3916 2164 3981 quos
2196 3917 2393 3982 supra
2425 3895 2496 3959 in
2537 3897 2617 3959 11-

1119 4003 1253 4065 lius
1296 4008 1560 4061 moneta
1598 3997 1931 4062 recensui.
2019 3996 2402 4061 Saloninum
2460 4017 2614 4062 con-

1121 4113 1447 4165 secratum
1495 4116 1728 4161 omnes
1784 4097 2123 4177 novimus,
2178 4117 2463 4185 eumque
2504 4097 2618 4162 ad-

1121 4202 1258 4266 huc
1309 4199 1534 4263 vivum
1587 4199 1720 4282 jam
1776 4198 2164 4279 Caesarem,
2221 4201 2355 4285 jam
2396 4202 2621 4286 Augu·

1126 4317 1299 4369 stum
1341 4301 1497 4368 dici.
1582 4303 1748 4365 Cum
1808 4302 2128 4366 variatum
2188 4302 2274 4365 sit
2330 4301 2401 4364 in
2441 4302 2616 4376 vivo,

991 4419 998 4429 ’
1126 4427 1249 4471 eur
1290 4404 1612 4470 variatum
1653 4401 1725 4464 in
1765 4417 2029 4501 mortuo
2083 4401 2482 4477 incredibile
2524 4403 2621 4469 vi·

1131 4505 1410 4569 deutur?
1454 4503 2195 4600 QuidquodBimut-tlus
2225 4504 2618 4569 sententiam

2708 958 2829 1023 sub
2863 956 3160 1022 Claudio.
3247 957 3415 1017 Esse
3462 967 3890 1039 argenteum,
3935 952 4211 1036 profite-

2626 1084 2635 1087 ·
2710 1074 2821 1122 tur
2866 1061 3047 1145 ipse,
3093 1072 3163 1122 et
3212 1072 3430 1121 tamen
3469 1056 3598 1119 alio
3637 1054 3931 1137 ejusdem
3979 1055 4203 1140 operis

2710 1164 2862 1224 loco
2910 1159 2977 1242 b)
3022 1161 3267 1225 diserte
3313 1159 3591 1235 adseiit,
3648 1157 3802 1219 inde
3845 1180 3882 1219 a
3928 1156 4207 1221 Claudio

2711 1282 2918 1347 usque
2950 1261 3033 1325 ad
3055 1262 3540 1327 Diocletianum
3586 1282 3716 1322 non
3756 1259 4050 1345 reperiri
4081 1281 4206 1322 am·

2712 1364 2887 1449 plius
2926 1378 3257 1427 monetam
3293 1377 3694 1449 argenteam.

2843 1466 3030 1561 Quae
3084 1464 3167 1528 ad
3227 1486 3495 1529 aversae
3537 1469 3894 1547 peristaaees
3951 1463 4202 1541 attinet.

2675 1577 3114 1655 -peragentur
3145 1567 3437 1631 sectione
3467 1582 3809 1653 aequente.

3357 1782 3420 1875 5.
3464 1788 3545 1903 lt.

2721 1976 3137 2037 Valerianum
3135 1976 3469 2053 juniorem
3494 1993 3699 2058 neque
3732 1974 4073 2037 Caesarem
4102 1993 4204 2036 nn·

2717 2094 2909 2157 qnam
2921 2076 3157 2155 fuisse,
3201 2095 3401 2159 neque
3415 2079 3795 2156 Auqmtum,
3820 2078 4199 2158 mmaiplase

3264 2179 3674 2258 persuadent.

2849 2376 3270 2461 Argumentis
3328 2377 3621 2457 (luobus,
3682 2400 3969 2465 quorum
4014 2400 4198 2444 unum

2721 2497 2806 2541 ex
2862 2493 3122 2541 moneta
3179 2483 3504 2559 Romana,
3579 2480 3862 2545 alterum
3918 2500 4012 2546 ex
4063 2480 4202 2547 Ale·

2720 2579 3033 2643 xandrina
3065 2592 3260 2663 peto,
3307 2582 3696 2646 senteutiam
3732 2583 4083 2646 stabiliam.

2847 2682 2896 2742 1.
2938 2682 3176 2752 Variae
3206 2696 3356 2746 sunt
3398 2683 3811 2747 eruditorum
3846 2684 4202 2768 opiniones,

2721 2769 2871 2869 quo*
2917 2804 3088 2848 auno
3122 2784 3511 2853 Valerianus
3565 2785 3776 2849 <lictus
3838 2786 4086 2848 Caesar
4123 2783 4203 2847 vi·

2725 2884 2983 2948 fleatur.
3023 2885 3247 2972 Aliqui
3279 2886 3348 2948 id
3379 2886 3622 2949 factum
3656 2906 3791 2949 non
3822 2887 4042 2950 multo
4070 2897 4205 2970 post

2726 2999 3102 3071 susceptum
3134 3009 3170 3049 a
3203 3001 3390 3072 patre
3426 2986 3773 3072 imperium
3796 3001 4063 3073 putant,
4104 2984 4206 3050 ali·

2727 3087 2839 3174 qui
2883 3088 3114 3150 serius.
3187 3091 3419 3173 Neque
3467 3088 3674 3171 magis
3711 3089 4111 3153 conveniunt
4144 3086 4204 3149 in

2726 3203 3026 3271 tempore
3078 3189 3305 3251 collati
3354 3190 3529 3253 tituli
3581 3189 3945 3275 Augustei,
4006 3205 4203 3255 tamen

2690 3288 3037 3352 ¹adserunt
3080 3288 3423 3374 plerique,
3499 3290 3674 3354 hunc
3728 3292 3833 3354 illi
3892 3291 4204 3358 honorem

2726 3389 3084 3453 accessisse
3128 3413 3166 3453 a
3207 3390 3546 3467 Gallieno,
3590 3405 3934 3479 postquam
3973 3407 4201 3478 patera

2726 3490 2948 3553 Persis
3010 3492 3424 3575 captus'fuit.
3524 3492 3729 3570 nihi,
3773 3495 3887 3582 qui
3924 3492 4198 3563 Valeria·

2724 3612 2881 3653 num
2919 3604 3031 3655 aut
3061 3594 3407 3657 Caesfiem
3428 3638 3446 3671 ,
3492 3608 3601 3657 aut
3618 3597 3989 3680 Augustum
4017 3594 4202 3657 fuisse

2726 3712 3063 3777 pernego,
3108 3696 3483 3760 nullatenus
3526 3697 3610 3761 de
3665 3696 3900 3761 harum
3947 3693 4203 3780 dignita·

2728 3809 2868 3857 tum
2914 3795 3167 3879 epocha
3229 3810 3331 3859 est
3387 3796 3862 3874 laborandum,
3935 3797 4200 3880 satisque

2728 3896 2808 3960 ad
2847 3915 3066 3959 meum
3101 3897 3469 3961 institutum
3501 3896 3751 3974 habeo.
3801 3897 4115 3963 refellere
4137 3892 4206 3956 il·

2728 3998 2878 4074 lud,
2923 3995 2991 4059 in
3029 4017 3161 4083 quo
3208 3998 3587 4082 conspirant
3621 4019 3889 4076 omnes,
3932 3994 4203 4069 Valeria·

2728 4122 2886 4164 num
2916 4099 3147 4163 saltem
3170 4101 3484 4163 extremis
3501 4100 3790 4164 Gallieni
3817 4100 4002 4167 annis
4019 4097 4200 4164 fuisse

2727 4202 2954 4267 fratris
2982 4201 3050 4264 in
3091 4201 3373 4287 imperio
3408 4202 3778 4287 conlegam.

2857 4304 3063 4382 Esto,
3106 4303 3289 4393 quod
3330 4307 3543 4369 visum
3583 4302 4047 4391 Brequignyo‚
4086 4316 4199 4384 quo

2732 4404 2988 4480 nullus,
3041 4404 3222 4491 quod
3265 4404 3501 4483 sciam,
3559 4405 3894 4491 copiosius
3940 4400 4203 4468 valeri·-

2732 4506 2802 4569 ni
2844 4505 3037 4592 hujus
3094 4504 3442 4588 historiam
3499 4504 3855 4575 illustravit
3897 4505 3995 4590 ὓ),
4053 4512 4196 4577 est⁰v

1211 4713 1275 4783 ι.)
1314 4707 1396 4767 aa
1428 4708 1650 4787 robert.
1685 4708 1757 4768 r„
1791 4706 1868 4767 ιι
1905 4726 1969 4786 μ
2011 4720 2134 4776 ms

2278 4712 2351 4781 b)
2388 4710 2527 4791 Pug-
2563 4714 2690 4772 404.

2838 4712 2900 4783 e)
2938 4710 3110 4770 Mem.
3150 4711 3217 4769 B.
3254 4710 3321 4771 L.
3360 4712 3430 4770 Τ.
3456 4708 3701 4769 xxxa.
3736 4729 3798 4787 p.
3824 4720 3955 4777 274·
3990 4722 4105 4780 Μ.
