4475 5584
1148 469 1433 548 msc.
1519 475 2012 553 VALENS.
2098 476 2631 590 BALISTA..
3271 492 3405 575 461

325 652 733 716 Thessaliam
767 650 964 729 abiit,
1019 652 1501 742 imperiumque
1533 656 1627 720 ibi
1659 681 1820 742 pau-

273 773 284 780 ·
320 753 417 818 eis
453 752 1012 820 consentientibus
1046 758 1356 841 sumpsit,
1417 758 1630 821 dictus
1664 781 1818 844 pro·

320 867 552 941 pterea
603 859 1034 933 Thessalicus,
1079 859 1301 943 paullo
1343 873 1495 944 post
1529 860 1744 923 missis
1775 882 1818 923 a

293 956 600 1024 -valente
645 959 1148 1038 percussoribus
1183 979 1226 1023 e
1265 961 1484 1023 medio
1535 961 1812 1029 tollitur.

319 1056 491 1129 tide
536 1057 947 1124 Trebellium
991 1061 1059 1125 in
1107 1066 1422 1156 Tyranno
1453 1062 1600 1127 XX.

2021 759 2215 848 ,Εῖιιε
2243 668 2877 843 nmumlgeiiiii'dm,
2918 765 2985 828 in
3019 767 3204 852 cujus
3230 790 3418 833 aver-

1925 880 1997 923 sa
2030 862 2457 931 THESSAL.
2490 866 2808 936 AVGVS.
2843 865 3106 944 dicitur,
3138 871 3420 936 alterum

1925 961 2442 1030 Alexandrinum
2474 967 2846 1041 Bandurius
2885 987 2969 1030 ex
3000 989 3132 1034 uno
3167 972 3421 1037 Hedic-

1926 1062 2134 1128 barbo
2179 1066 2430 1145 hausit,
2477 1069 2594 1132 sed
2629 1069 2711 1163 de
2749 1090 3031 1155 quorum
3070 1068 3203 1137 fide
3247 1094 3419 1140 nunc

1924 1167 2129 1252 vulgo
2165 1167 2520 1236 dubitatur.
2612 1265 2633 1270 -

1607 1480 2105 1544 *VALENSt

444 1671 736 1738 Achaiae
765 1672 1121 1758 proconsul
1158 1695 1194 1736 a
1230 1674 1534 1744 Gallieno
1572 1675 1813 1740 consti-

314 1787 494 1839 tutus
537 1797 578 1838 a
620 1776 953 1841 Macriano
1000 1775 1252 1837 insidiis
1301 1777 1587 1859 petitur,
1649 1798 1809 1863 quas

314 1889 391 1940 ut
455 1876 853 1952 declinaret,
932 1877 1282 1961 imperium
1352 1878 1619 1962 arripit,
1690 1878 1808 1974 sed

314 1976 507 2044 brevi
540 2001 577 2041 a
617 1978 935 2042 militibus
978 1978 1403 2045 interimitm.
1444 1981 1614 2051 Vide
1647 1963 1809 2045 Tre-

315 2078 588 2144 bellium
631 2080 702 2143 in
747 2084 1058 2164 Tyranno
1097 2081 1333 2150 xvlu.

2050 1680 2340 1741 Numum
2397 1673 2543 1756 ejus
2604 1675 3116 1742 Alexandrinum
3158 1680 3416 1744 Bandu-

1924 1776 2060 1838 rius
2095 1797 2178 1841 ex
2213 1797 2344 1840 uno
2383 1777 2653 1841 Oenone
2689 1779 2906 1850 novit3
2952 1800 3129 1843 nunc
3152 1783 3417 1845 nemine

1922 1878 2110 1980 illum
2157 1880 2289 1946 alio
2332 1876 2705 1945 vindicante
2749 1880 3210 1946 contemnitur.

1579 2281 2107 2345 BALISTA.

353 2473 360 2482 “
437 2474 498 2535 Δ
545 2469 898 2541 Valeriano
942 2471 1025 2535 ad
1073 2471 1388 2536 maxImas
1429 2472 1806 2559 dignitates,

314 2588 383 2640 et
415 2574 623 2658 ipsam
664 2574 980 2657 praetorii
1021 2574 1499 2657 praefecturam
1545 2597 1808 2659 promo·

275 2683 288 2695 ‘
311 2692 451 2754 tus,
494 2694 776 2760 eumque
807 2675 890 2737 ad
925 2674 1178 2737 bellum
1209 2676 1548 2738 Persicum
1581 2677 1804 2740 adsec-

313 2792 517 2855 tatus,
562 2779 681 2841 illo
733 2799 771 2839 a
817 2774 1042 2838 Persis
1092 2789 1282 2859 capto
1333 2776 1666 2841 Macriano
1721 2779 1804 2841 ad

312 2882 693 2944 sumendam
727 2898 1085 2961 purpuram
1121 2890 1354 2941 auctor
1385 2877 1551 2956 fuit,
1611 2899 1805 2964 quam

311 2998 382 3045 et
438 2984 579 3066 ipse
639 2980 850 3044 serius
909 2979 1264 3061 arripuisse
1332 2978 1581 3058 fertur,
1658 2981 1804 3060 etsi,

314 3096 534 3148 utrum
575 3101 760 3166 vere-
794 3080 1254 3163 imperaverit,
1316 3078 1629 3145 adserere
1669 3104 1802 3146 non

261 3169 276 3188 ’
310 3182 970 3255 audeat.Trebellius
1000 3186 1084 3264 ⁸).
1173 3179 1586 3247 In·Oriente
1646 3180 1801 3245 dnm

1925 2489 2260 2553 versatur,
2336 2471 2668 2538 Odenathi
2718 2476 2973 2539 insidiis
3022 2479 3413 2544 occubuisse

1920 2577 2235 2641 creditur.
2322 2576 2493 2664 Vide
2553 2576 3054 2640 Tillemontium
3113 2578 3235 2642 sub
3289 2583 3416 2662 Va·

1919 2678 2173 2740 leriano
2221 2690 2290 2740 et
2333 2674 2658 2740 Gallieno.
2730 2729 2735 2734 ,

2044 2777 2259 2859 Hujus
2296 2778 2553 2859 tyranni
2598 2797 2871 2840 numum
2908 2777 3212 2841 Latinum
3257 2780 3414 2843 hau·

1922 2879 2004 2943 e‘it
2049 2877 2518 2942 Mediobarbus
2560 2899 2642 2941 ex
2690 2878 2981 2943 Oecone.
3028 2879 3415 2943 Alexandri-

1917 2998 2074 3046 num
2121 2980 2370 3046 addidit
2405 2979 2730 3046 Goltzius.
2817 2979 3052 3044 Neutri
3095 2978 3259 3046 fides
3303 2982 3415 3046 ha·

1915 3083 2130 3148 betur.
2248 3107 2262 3121 ·

1483 3492 2236 3560 REGALIANVS.

436 3697 874 3775 Beqilliamem
941 3702 1180 3760 vocant
1253 3688 1667 3767 Trebellius,
1737 3705 1806 3753 et

312 3793 546 3861 Victor
601 3795 670 3855 in
723 3793 1064 3879 Epitome,
1127 3806 1195 3854 et
1239 3811 1322 3854 ex
1363 3791 1492 3854 boc
1537 3790 1804 3854 nomine

313 3893 618 3959 Goltzius
688 3898 760 3971 Q.
818 3899 1100 3961 Nonium
1153 3895 1588 3973 Reqilln‘anum
1649 3911 1806 3962 suae

313 3994 718 4059 auctoritatis
763 4009 866 4059 est
911 3994 1287 4058 fabricatus.
1352 3994 1807 4076 [eeqallianum

313 4098 480 4162 dixit
521 4098 758 4166 Victor
814 4096 884 4157 in
928 4095 1313 4160 Caesaribus
1346 4093 1438 4174 ¹³),
1499 4110 1565 4159 at
1623 4091 1806 4156 numi

314 4200 614 4285 genuini,
691 4218 858 4284 quos
920 4217 1074 4260 mox
1131 4195 1527 4281 producam,
1604 4201 1674 4259 P.
1742 4199 1802 4259 C.

255 4301 270 4314 ‘
310 4304 772 4383 Beqalae‘anum,
834 4299 1091 4362 incerto
1150 4295 1316 4361 adeo
1374 4299 1589 4381 gentis
1647 4318 1803 4362 suae

312 4402 621 4477 nomine,
683 4401 832 4465 cum
876 4421 947 4461 το
992 4401 1043 4464 C
1102 4401 1281 4465 varie
1326 4397 1534 4481 accipi
1577 4398 1802 4481 possit.

233 4550 256 4560 0
312 4503 470 4567 Fuit
502 4502 767 4567 natione
803 4504 1056 4582 Dacus,
1119 4517 1187 4567 et
1230 4501 1621 4568 credebatur
1665 4522 1806 4562 san·

385 4728 452 4798 a)
493 4724 557 4782 in
594 4727 871 4804 Tyranno
909 4725 1099 4786 xvu.

1922 3692 2187 3776 guinem
2232 3713 2270 3753 a
2314 3689 2655 3753 Decebalo
2700 3690 2964 3755 ducere.
3053 3695 3214 3758 Cum
3256 3692 3413 3757 Gal·

1918 3793 2131 3855 lienus
2179 3794 2541 3875 Ingenuum
2559 3835 2605 3867 ,-
2644 3788 2756 3875 qui
2814 3791 3036 3856 audito
3077 3794 3409 3864 Valeriani

1919 3893 2057 3956 sato
2115 3892 2525 3973 tyrannidem
2583 3891 2651 3953 in
2694 3891 2962 3972 Illyrico
3016 3893 3404 3975 arripuerat,

1920 3994 2090 4079 apud
2151 3993 2467 4055 Mursiam
2526 3992 2915 4070 devicisset,
2986 4006 3054 4055 et
3115 3992 3410 4055 inhuma-

1918 4117 1998 4155 na
2061 4093 2365 4156 barbarie
2426 4094 2492 4154 in
2552 4093 2741 4169 illos,
2803 4093 2917 4177 qui
2960 4092 3040 4156 nb
3083 4111 3166 4155 eo
3211 4107 3407 4155 stete·

1919 4208 2099 4272 rant,
2143 4195 2514 4271 saeviisset,
2559 4179 2808 4258 veritus
2848 4191 3182 4255 exercitus
3224 4194 3409 4255 Moe-

1919 4298 2171 4373 siacus,
2235 4316 2323 4359 ne
2364 4296 2544 4359 idem
2586 4293 2669 4360 ab
2713 4296 2879 4359 irato
2922 4296 3176 4360 victore
3229 4307 3406 4379 pate-

1917 4412 2137 4474 retur,
2180 4398 2613 4483 Regalianum
2647 4400 3011 4484 Augustum
3047 4396 3242 4471 dixit,
3288 4394 3406 4457 sed

1919 4500 2486 4585 eundem—postea
2552 4499 2950 4562 succedente
3006 4521 3044 4562 a
3099 4497 3403 4563 Gallieno

1300 4726 1369 4795 b)
1413 4723 1524 4781 sub
1565 4721 1855 4780 Galliena.
1901 4685 1920 4693 ·
