4475 5584
1221 469 1829 598 .CI.AVD1VS

338 656 611 728 Graecis
645 654 884 720 Heben
905 698 925 734 ,
968 672 1119 719 cum
1151 656 1446 720 Hercule
1503 651 1837 734 matrimo-

276 807 283 813 -
340 761 453 824 nio
494 759 820 845 junctam,
864 770 939 821 ut
976 757 1173 821 docet
1204 756 1634 840 mythologie.

947 883 958 890 .
1062 856 1102 897 s

897 902 938 944 Q

521 973 556 994 ²
627 966 713 1025 Vt
747 965 846 1026 lit.
881 964 965 1026 A.

338 1065 786 1132 NEPTVNO.
844 1063 1046 1132 AVG.
1139 1067 1474 1142 Neptunus
1528 1070 1710 1123 stans
1766 1063 1830 1121 d.

333 1167 734 1248 delphinum,
777 1188 832 1230 s.
866 1169 1222 1230 tridentem.
1290 1164 1431 1230 ΔΕ.
1465 1163 1577 1227 111.
1624 1165 1830 1245 (Mus.

335 1267 554 1349 Caes.)
1093 1324 1100 1332 .

460 1371 612 1435 Hoc
670 1389 871 1432 numo
920 1368 1233 1433 Claudius
1284 1373 1594 1454 Neptuno
1649 1385 1833 1430 acce-

333 1479 516 1557 'ptam
563 1469 775 1556 refert
818 1472 1070 1535 cladem
1095 1516 1112 1548 ,
1158 1492 1350 1556 quam
1379 1468 1831 1534 ‘barbarorum

338 1573 568 1642 classis
611 1575 678 1636 in
713 1572 1120 1657 Propontide
1171 1594 1357 1655 passa
1402 1584 1504 1633 est
1564 1571 1836 1634 navibus

342 1696 654 1761 aquarum
699 1674 859 1737 moli
903 1675 972 1735 in
1019 1674 1122 1736 his
1159 1672 1475 1759 angustiis
1509 1686 1837 1736 coartatae

1226 900 1267 939 ἢ

337 1778 654 1842 resistere
692 1797 824 1838 non
864 1775 1230 1839 valentibus
1267 1788 1336 1837 et
1377 1774 1667 1837 violente
1705 1774 1838 1837 col-

336 1881 514 1956 lisis,
568 1891 638 1940 ut
669 1873 879 1938 refert
917 1878 1238 1941 Zosimus.
1281 1875 1530 1939 Eadem
1568 1876 1650 1937 de
1691 1897 1838 1937 cau-

338 2002 408 2046 sa
456 1982 525 2051 in
578 1980 792 2043 numis
838 1980 1095 2041 Claudii
1142 1976 1603 2066 Alexandrinis
1643 1975 1835 2060 hujus

338 2085 491 2148 anni
524 2084 867 2166 Neptunus
904 2093 1262 2165 comparet.

1075 2181 1114 2220 ’D

1179 2225 1278 2270 ‚12

652 2229 658 2236 ·
910 2226 950 2264 ue

610 2294 714 2350 7²!
745 2290 844 2347 lie.
877 2291 962 2348 A.
989 2307 998 2324 ⁸

337 2388 575 2453 REGI.
594 2387 875 2450 ARTIS.
900 2391 1226 2454 Vulcanus
1241 2398 1422 2449 stans
1438 2390 1501 2452 d.
1516 2388 1836 2461 malleum,

338 2515 391 2555 s.
419 2493 754 2573 forcipem.
821 2489 955 2548 ΑΕ.
989 2488 1099 2548 111.
1153 2487 1353 2566 (Mus.
1401 2490 1586 2552 Caes.
1636 2488 1838 2571 Span-

339 2592 516 2655 heim
560 2592 777 2653 Caess.
817 2588 938 2649 lul.
974 2611 1040 2671 p.
1074 2588 1212 2670 qb.)

354 2737 364 2744 .
470 2692 805 2765 Habemus
839 2710 1074 2753 numos
1117 2689 1450 2757 Valeriani
1498 2705 1564 2755 et
1596 2690 1843 2754 Gallie·

338 2795 411 2858 ni
452 2793 803 2876 inscriptos
842 2792 1056 2856 ΠΕΟ.
1095 2789 1535 2859 VOLKANO
1575 2814 1723 2857 cum
1760 2793 1843 2858 si-

341 2897 485 2960 mili
542 2895 822 2964 Vulcani
895 2895 1122 2956 stantis
1200 2907 1357 2976 typo
1385 2936 1403 2968 ‚
1473 2916 1840 2980 quanquam

341 3018 476 3061 non
523 2997 808 3059 alienum
851 2994 1146 3067 videtur,
1201 2996 1377 3059 hune
1413 3017 1624 3077 reyem
1674 2999 1843 3084 artis

342 3118 489 3163 esse
527 3096 810 3160 eundem
847 3116 995 3158 cum
1028 3100 1147 3160 ded
1170 3099 1399 3161 Cabiro
1441 3085 1506 3157 in
1545 3097 1841 3179 superio·

345 3219 424 3262 re
468 3219 668 3261 numo
724 3190 1130 3275 memorato,
1191 3199 1343 3283 qui,
1403 3211 1474 3260 ut
1534 3197 1838 3274 vidimus,

347 3300 626 3371 Claudio
667 3297 1006 3361 beneficus
1064 3313 1164 3361 est
1209 3298 1534 3377 credit—us,
1595 3300 1844 3383 quique

343 3395 464 3469 rea}
520 3406 688 3468 artis
745 3399 1024 3486 perinde
1086 3400 1238 3462 dici*
1269 3402 1518 3484 potuit,
1582 3415 1654 3463 ut
1696 3400 1843 3483 ejus

343 3504 529 3567 numi
579 3518 807 3587 typus,
853 3517 919 3567 et
955 3501 1251 3566 doctrina
1289 3501 1372 3564 de
1412 3500 1663 3566 Cabiris
1694 3524 1844 3587 per·

347 3603 647 3686 suadent.
737 3603 1074 3699 Quidquid
1126 3603 1287 3681 erit,
1350 3618 1534 3668 certe
1588 3605 1843 3668 Plutar-

351 3709 515 3776 chus
561 3709 857 3791 apposite
917 3705 996 3770 ad
1057 3708 1234 3770 hunc
1292 3727 1561 3768 numum
1606 3705 1844 3772 Vulca-

350 3831 506 3874 num
561 3809 850 3893 appellat
911 3805 1188 3893 ἁρχητγον
1247 3829 1362 3871 των
1402 3828 1665 3892 τεχνων,
1727 3812 1843 3870 du·

348 3934 489 3977 cem
540 3915 781 3996 artium
838 3914 934 3993 ⁸),
990 3925 1059 3975 et
1118 3911 1467 3997 aliquoties
1510 3913 1843 3971 Homerus

351 4013 787 4094 κλυτοτεχνην,
843 4023 986 4074 arte
1026 4015 1331 4076 celebrem
1384 4009 1475 4094 1ῑ).
1523 4011 1845 4094 ‚Propius

347 4117 621 4180 Nonnus
676 4113 1098 4198 Panopolites
1147 4113 1243 4195 ο),
1323 4116 1436 4199 qui
1480 4114 1846 4183 Vulcanum

349 4238 613 4297 κοιρανον
647 4235 868 4297 τεχνης
911 4228 1143 4292 vocat,
1186 4213 1256 4276 id
1292 4228 1429 4277 est:
1491 4236 1701 4296 reyem
1742 4237 1842 4276 ar·

407 4467 498 4534 ὀ.)
532 4465 873 4540 Comparat.
900 4481 1088 4539 aquae
1119 4472 1175 4519 et
1210 4460 1326 4538 ign.
1365 4461 1435 4518 Τ.
1456 4459 1529 4516 11.
1560 4480 1621 4536 p.
1646 4470 1774 4534 958.

352 4555 424 4630 d)
463 4555 632 4615 orat.
670 4555 833 4617 XIV·
870 4558 928 4627 §0
961 4554 1018 4616 6·

356 4646 427 4704 Τ.
468 4646 541 4706 ῙῙ.
580 4666 638 4723 p.
680 4653 769 4709 34.

562 4740 742 4821 (Vol.
780 4736 957 4818 VII.)

1149 4579 1158 4587 »
1198 4553 1261 4626 e)
1301 4551 1484 4613 Inscr.
1520 4552 1592 4613 T.
1632 4549 1733 4610 111.
1771 4544 2118 4611 tabsxxx.

1918 468 2566 551 GOTHICVs.

1950 659 2070 734 tis,
2136 678 2268 741 quo
2312 657 2512 723 modo
2556 658 2895 756 {limet-ius
2943 660 3234 745 sophista
3274 664 3448 752 Herg-

1949 777 2300 841 mogenem
2361 781 2629 856 procos.
2672 758 2991 824 Graeciae
3034 767 3298 834 βᾱσιλεα
3333 792 3449 844 της

3294 496 3439 569 4·ἶᾶ

1841 933 1846 940 ⁴
1946 878 2206 942 τεχνης,
2251 880 2491 945 nempe
2522 861 2707 945 ejus,
2754 884 2944 948 quam
2979 871 3450 932 exercentMu-

1945 977 2056 1023 sae
2087 958 2177 1042 d).
2269 963 2467 1058 Quod
2503 964 2680 1027 inter
2711 963 2873 1028 deos
2907 985 3125 1028 mares
3143 966 3266 1031 fuit
3281 971 3447 1037 Vul-

1946 1080 2185 1141 canus,
2242 1064 2412 1126 illud
2466 1063 2644 1128 inter
2677 1065 2969 1130 ‘alterius
3029 1086 3224 1132 sexus
3286 1069 3449 1135 deos

1945 1161 2165 1227 habita
2224 1166 2564 1242 Minerva,
2642 1166 2828 1228 mille
2890 1186 3163 1251 operum
3224 1171 3450 1235 inven-

1945 1266 2116 1342 trix,
2163 1285 2237 1329 ac
2268 1280 2623 1350 propterea
2658 1267 2952 1350 epitheto
2988 1267 3300 1353 Εςκγανης,
3344 1295 3451 1335 or·

1949 1380 2133 1442 nata,
2204 1381 2401 1451 atque
2449 1367 2853 1442 obeandem
2905 1389 3166 1433 causam
3205 1374 3447 1439 sociata

1953 1489 2100 1532 cum
2134 1457 2434 1541 Vulcano
2471 1469 2539 1530 in
2584 1471 2821 1534 eximia
2857 1492 3020 1533 urna
3052 1475 3272 1559 operis
3302 1497 3449 1538 ana·

1955 1569 2221 1653 glyphi,
2269 1592 2460 1656 quam
2511 1572 2806 1656 vulgavit
2841 1571 3085 1636 Gorius
3116 1576 3199 1658 θ).
3275 1575 3448 1644 Vide

1954 1685 2019 1733 ct
2063 1691 2333 1734 numum
2382 1674 2701 1735 Antonini·
2737 1673 2841 1746 Pii
2883 1697 3033 1759 pag.
3080 1676 3184 1752 34.
3255 1678 3450 1760 hujus
3566 1739 3573 1744 .

1952 1773 2328 1835 voluminis.
2418 1776 2489 1837 Si
2534 1775 2741 1836 risum
2786 1778 3076 1859 appetis,
3119 1779 3273 1862 leg'e
3310 1799 3448 1842 mo·

1954 1874 2104 1935 dum
2128 1917 2145 1948 ,
2194 1896 2327 1959 quo
2363 1876 2704 1940 Harduino
2751 1879 2932 1939 numi
2968 1877 3160 1960 hujus
3196 1878 3451 1962 epigra-

1951 1976 2128 2061 phen
2161 1990 2227 2038 et
2257 1977 2610 2060 imaginem
2639 1978 2970 2061 explicare
2998 1979 3246 2063 placuit
3288 1978 3364 2065 ¹).

2529 2187 2570 2226 ff
2697 2146 2738 2185 ῃ,
2860 2189 2901 2231 ἦ

2244 2285 2331 2344 Vt
2371 2283 2470 2344 lit.
2497 2285 2588 2344 Α.
2878 2319 2885 2326 »

1955 2382 2254 2464 ΒΑΒῩΒ,
2320 2381 2523 2452 AVG.
2599 2387 2821 2465 Hyyia
2861 2396 3061 2450 stans.
3148 2389 3223 2449 Iu
3266 2387 3447 2452 aliiae

1952 2488 2401 2564 Aesculapius.
2464 2487 2538 2547 In
2572 2484 2754 2548 aliis:
2798 2491 3032 2565 Apollo
3073 2493 3136 2551 d.
3180 2469 3447 2566 rathum,

1953 2607 2004 2649 ε.
2042 2589 2271 2668 lyram.
2336 2588 2408 2647 In
2439 2585 2620 2649 aliis:
2663 2591 2793 2648 Isis
2840 2600 3021 2650 stans
3065 2595 3129 2652 d.
3166 2594 3447 2666 sistrum,

1954 2708 2006 2750 s.
2046 2692 2330 2750 situlam.
2375 2688 2660 2751 AE.·111.
2705 2689 2903 2768 (Mus.
2946 2691 3167 2771 Caes.)

2079 2791 2228 2851 Non
2258 2786 2609 2871 injucunda
2642 2790 2923 2852 varietas
2944 2791 3242 2867 deorum,
3282 2812 3447 2876 quos

1956 2888 2181 2951 salutis
2234 2912 2390 2954 suae
2431 2910 2783 2976 sponsores
2829 2890 2954 2957 sibi
2986 2892 3295 2956 Claudius
3340 2894 3450 2956 ‹le-

1955 2991 2142 3075 legit.

2247 3099 2333 3158 Vt
2373 3095 2469 3157 lit.
2509 3098 2597 3157 A.

1956 3195 2151 3262 SOL.
2189 3196 2401 3264 AVG..
2428 3198 2555 3258 Sol
2580 3206 2763 3259 stans
2801 3202 2864 3260 d.
2894 3203 3105 3279 elata‚'
3148 3223 3201 3266 s.
3222 3205 3448 3286 fiayel·

1952 3299 2107 3360 lum.
2155 3299 2291 3360 AE.
2324 3299 2436 3361 111.
2475 3298 2675 3378 (Mus.
2718 3301 2933 3383 Caes.)

2235 3402 2432 3463 Alius
2459 3404 2730 3477 similis,
2773 3408 2892 3464 sed
2915 3408 3260 3484 scriptum:
3307 3407 3449 3472 SO·

2237 3503 2428 3570 LVS.
2474 3501 2681 3569 AVG.
2732 3501 3058 3584 (Pellerin
3106 3506 3451 3593 Supplem..

2234 3604 2319 3669 11.
2363 3627 2427 3688 p.
2474 3607 2610 3690 99.)

2059 3704 2265 3769 ,Haec
2296 3726 2564 3770 aversae
2595 3709 2957 3795 epigraphe
2986 3710 3051 3772 in
3083 3711 3243 3774 solis
3263 3714 3484 3777 Clau-'

1958 3805 2049 3868 dii
2077 3807 2293 3869 numis
2323 3808 2622 3872 habetur.
2692 3810 3091 3874 Pellerinius
3134 3814 3447 3896 scriptum
3508 3873 3516 3881 .

1958 3907 2026 3970 in
2051 3929 2250 3971 numo
2288 3930 2407 3972 suo
2430 3911 2743 3977 SOLVS.
2768 3913 2964 3979 AVG.
2988 3932 3118 3974 non
3147 3914 3288 3976 sine
3309 3934 3451 3977 cer-

1961 4024 2024 4072 ta
2054 4009 2310 4073 ratione
2362 4011 2667 4094 conjicit3
2711 4013 2894 4075 innui
2943 4032 3214 4097 nempe,
3261 4015 3451 4077 Clau·
3517 4035 3523 4048 ⁶

1961 4111 2140 4174 dium
2179 4115 2388 4174 solum
2424 4112 2712 4175 exclusis
2750 4115 3019 4179 Tetrico
3052 4130 3119 4177 et
3156 4117 3447 4181 Zenobia

1960 4213 2221 4297 imperii
2256 4211 2619 4296 principem
2649 4216 3156 4298 agnoscendum.
3201 4219 3449 4282 Acute!

1919 4460 1990 4529 12)
2023 4459 2087 4515 11.
2115 4463 2187 4522 A.
2219 4478 2275 4522 v.
2304 4469 2428 4524 571.
2577 4465 2639 4530 c)
2679 4461 2903 4539 Dionys
2954 4439 2999 4517 L
3053 4462 3242 4522 xxx.
3273 4484 3327 4520 v.
3356 4469 3446 4529 ού.

2288 4551 2342 4623 5)
2383 4552 2552 4609 Mem.
2589 4551 2761 4613 Trev.
2801 4550 2969 4610 Avi-il
3017 4566 3187 4622 ηυγ.
3225 4545 3441 4615 lobea-t.

2828 4733 3044 4799 Ooo
