4475 5584
1483 425 2177 499 COMMODVS.

804 579 1041 673 Eodem
1086 628 1258 672 anno
1277 631 1301 669 .·

328 716 491 778 Redit
510 733 893 794 praenomen
935 715 1126 776 Lucia·
1143 753 1162 784 ‚
1207 712 1502 790 exspirat
1548 711 1775 775 ΒΜΓ.

429 918 524 978 Ex
558 915 772 977 numis
793 958 810 989 ,
857 933 1020 997 quos
1056 912 1253 975 modo
1284 909 1670 986 recensebo,
1706 911 1777 987 ii,

324 1017 417 1100 qui
444 1018 765 1080 mentione
791 1015 1164 1078 consulatus
1189 1012 1514 1075 abstinent
1534 1056 1555 1089 ,
1585 1013 1779 1076 etiam

318 1138 460 1180 anuo
487 1131 800 1203 sequente
835 1116 1023 1178 sei-iri
1047 1127 1424 1199 potuerunt.

312 1320 373 1382 A.
569 1283 645 1383 ί..
682 1319 881 1382 AEL.
918 1319 1239 1386 Avflm..
1273 1317 1557 1383 comt.
1582 1317 1778 1386 Ave.

354 1443 361 1452 ·
570 1424 641 1484 Ρ.
677 1422 876 1485 FEL.
928 1425 1137 1500 Caput
1158 1424 1516 1483 laureatum
1548 1422 1619 1481 in
1634 1423 1777 1483 AB.

578 1528 721 1586 ΛΕ.
754 1528 812 1586 Ι.
853 1527 941 1586 11.

162 1620 171 1629 ’
299 1626 366 1686 Β.
567 1624 1513 1694 1..AEL1VS.AVRE1.1VS.
1558 1575 1778 1687 oo'M-

571 1726 907 1796 MODVS.
962 1729 1159 1794 AVG.
1200 1728 1419 1796 PlVS.
1484 1726 1774 1790 FELIX.

569 1837 639 1898 in
670 1831 812 1895 ΑΕ.
848 1851 1022 1892 max.
1050 1834 1214 1891 mod.

311 1934 371 1995 C.
560 1935 739 1996 IMP.
774 1930 1305 1995 COMMODVS.
1336 1928 1534 1995 AVG.
1557 1929 1777 1998 BIVS.

567 2035 860 2097 FELIX.
908 2036 1108 2111 Caput
1136 2035 1494 2093 laureatum
1534 2034 1605 2093 in
1637 2034 1780 2093 ΑΕ.

564 2158 739 2214 naa-fc.
774 2139 943 2198 mod.
990 2135 1253 2213 (Haym.
1286 2131 1560 2212 Pisani.)

1016 2234 1056 2273 ἡ

853 2279 892 2317 ᾖ

581 2345 663 2403 Vt
705 2343 802 2401 lit.
842 2341 920 2399 A.
1196 2379 1203 2386 »

308 2445 350 2506 Ι.
396 2444 472 2507 Ο.
503 2446 594 2503 Μ.
644 2437 1075 2503 SPONSOR.
1125 2437 1309 2500 SEC.
1363 2436 1563 2504 AVG.
1631 2439 1780 2515 Inp-

299 2550 453 2624 piter
481 2556 661 2606 stam
688 2562 741 2602 ε.
766 2517 1037 2614 hastam:
1082 2544 1144 2601 d.
1173 2542 1490 2620 continyit
1511 2542 1785 2618 impera-

308 2657 483 2707 torem
531 2649 893 2705 adstantem
940 2652 1228 2723 toyatum
1276 2644 1339 2701 d.
1382 2643 1645 2720 qlobum
1662 2685 1678 2713 ‚
1723 2661 1774 2699 s·

307 2757 597 2825 sceptrum
630 2755 964 2808 tenentem.
990 2745 1131 2806 AR.
1186 2744 1259 2802 In
1301 2743 1521 2804 aeneis
1557 2743 1606 2804 1.
1629 2740 1776 2802 ‘for-

1181 2275 1222 2315 ff

306 2866 436 2907 mse
466 2860 809 2930 praeterea
839 2845 1134 2908 additur:
1182 2841 1501 2908 COS.Vl.
1521 2845 1595 2904 P.
1610 2845 1682 2905 P.
1706 2842 1776 2903 S.

304 2948 366 3011 C.
385 2952 740 3028 etluppiter
763 2970 814 3009 ε.
844 2950 1095 3027 fulmen
1111 2955 1296 3008 tenet.
1328 2946 1528 3025 (Mus.
1556 2943 1774 3025 Caes.)

574 3055 658 3112 Vt
697 3052 797 3111 lit.
836 3053 920 3111 A.

300 3148 492 3218 10V1.
544 3150 919 3213 DEFENS.
960 3147 1347 3214 SALVTIS.
1384 3145 1586 3214 AVG.
1628 3150 1777 3228 Iup-

292 3256 447 3329 piter
488 3262 669 3315 stam
699 3257 868 3315 inter
893 3251 1127 3331 septeni
1155 3253 1292 3312 sive
1322 3253 1593 3324 triones,
1637 3253 1775 3311 sive

292 3355 576 3429 planetas
626 3357 690 3414 d.
730 3357 983 3435 fulmen
1044 3354 1348 3426 intentae,
1408 3375 1460 3415 s.
1499 3355 1772 3414 kastam.

296 3455 422 3517 AR.
469 3457 669 3535 (Mus.
698 3456 915 3535 Caes.)
1196 3481 1199 3486 ·

580 3562 667 3638 Vt
706 3561 804 3636 ut.
844 3562 926 3620 A.

295 3660 585 3721 MATRI.
675 3658 955 3736 DEYM.
1050 3657 1483 3723 CONSERV.
1576 3658 1773 3725 AVG.

296 3758 474 3844 COS.
516 3762 627 3829 VI.
662 3762 737 3822 P.
776 3763 849 3822 P.
884 3760 952 3822 S.
988 3758 1062 3820 C.
1111 3764 1333 3841 cybele
1376 3765 1556 3824 leone
1595 3771 1776 3822 vecta

294 3865 348 3920 d.
382 3874 778 3944 mmmm,
822 3864 1165 3926 ahenam.
1208 3865 1346 3927 AB.
1371 3865 1419 3925 1.
1445 3865 1526 3925 11.
1570 3863 1772 3943 (Mus.

299 3964 501 4044 Caes.)

407 4065 642 4129 Eidem
712 4079 932 4130 tamen
999 4067 1155 4131 huic
1208 4065 1336 4129 deo
1380 4078 1450 4129 et
1493 4066 1776 4129 Herculi

298 4185 451 4249 opus
481 4163 685 4232 fuisse
713 4172 869 4232 Iove
890 4173 1213 4250 &tonsore
1254 4172 1621 4233 securitatis
1640 4213 1658 4245 ‚
1706 4182 1774 4231 et

294 4271 616 4349 des‘eusore
633 4273 899 4347 salutis,
926 4283 1016 4333 ‘et
1049 4275 1259 4334 Matre
1294 4276 1482 4333 deum
1527 4291 1775 4335 comer-

297 4375 546 4446 natrice,
579 4386 961 4458 praesentes
974 4370 1578 4457 numiprofitentur.
1619 4372 1775 4436 Exi-

296 4468 505 4534 stimat
549 4473 759 4537 Lilius
810 4474 1138 4558 Gyraldus
1170 4477 1268 4557 ⁸),
1335 4471 1463 4535 Am
1508 4467 1775 4535 Πεστιον

398 4693 460 4763 a)
501 4689 660 4771 synt.
687 4711 748 4770 p·
780 4686 868 4750 86·
1014 4683 1089 4762 b)
1123 4689 1188 4750 1..
1218 4689 1321 4751 IX.
1362 4709 1422 4769 p.
1455 4691 1582 4758 σιτ.

3241 450 3378 517 1ἳῖ

1892 619 2323 673 memoratum
2362 609 2680 693 Dionysio
2703 612 3260 696 Halicparnassensi
3291 612 3381 698 ¹³),

1893 712 2078 796 cujus
2097 711 2294 773 aedes
2327 711 2392 773 in
2419 712 2593 774 colle
2613 714 2896 776 Martiali
2931 716 3145 792 stetit,
3182 716 3401 782 fuisse.

1894 813 2115 874 lovem
2164 816 2322 894 fidei
2346 834 2750 894 sponsor-eng,
2797 829 2862 876 et
2893 815 3068 880 forte
3103 836 3250 880 eum
3288 820 3387 903 ip-

1894 898 2073 989 sufn,
2145 934 2343 997 quem
2404 915 2683 977 Romani
2730 919 2931 978 Deum
2984 920 3242 981 Fidium
3291 919 3385 980 di·

1894 1034 2075 1076 xere.
2108 1051 2115 1062 ·
2148 1015 2564 1099 Epigraphe„
2589 1038 2721 1078 non
2787 1019 3063 1080 multum
3124 1020 3386 1094 absimi-

1892 1114 1975 1177 lis
2021 1114 2301 1178 habetur
2341 1117 2409 1178 in
2453 1137 2650 1179 numo
2696 1108 3027 1182 Postumi:
3073 1121 3120 1182 1.
3167 1122 3253 1186 O.
3287 1125 3380 1189 M.

1896 1218 2366 1283 SPONSORI.
2432 1219 2823 1285 SAECV'LI.
2886 1221 3140 1298 AVG.‚·
3198 1226 3375 1288 unde

1894 1318 2134 1401 conjici
2164 1334 2410 1402 posset,
2457 1321 2651 1382 etiam
2691 1320 2756 1381 in
2800 1339 3146 1404 praesente
3182 1348 3381 1389 numo

1893 1443 1966 1483 το
2011 1420 2193 1483 SEC.
2226 1435 2458 1483 notare
2493 1422 2863 1496 SECulum‚
2909 1444 3040 1484 non
3091 1427 3387 1491 SECuri-

1895 1534 2127 1597 tatem,
2172 1520 2296 1582 nisi
2332 1519 2483 1582 inde
2517 1520 2598 1581 ab
2616 1523 2911 1605 Augusto
2927 1540 3276 1602 constaret,
3316 1529 3384 1590 in

1892 1623 2108 1685 numis
2159 1642 2425 1704 semper
2459 1622 2932 1689 SAEGVLVM
2968 1626 3214 1702 scribi·⁹
3249 1647 3385 1691 non

1895 1725 2332 1791 SECVLVM.
2395 1725 2700 1787 Ceterum
2750 1725 2928 1788 maie·
2961 1748 3233 1792 munere
3265 1750 3388 1792 suo

1893 1825 2156 1888 functus
2192 1837 2294 1886 est
2320 1823 2650 1907 Iuppiter,
2686 1825 2945 1908 quando
3002 1830 3216 1910 pridie
3254 1833 3387 1892 Ka-

1895 1927 2074 1990 lend.
2121 1928 2262 1988 Ian.
2313 1926 2461 1988 anni
2505 1927 2837 2010 sequentis
2906 1913 3158 1992 nefarie
3209 1932 3390 1994 vadi.-

1896 2027 2193 2090 monium
2219 2026 2534 2089 deseruit.
2578 2030 2664 2088 At
2696 2042 2966 2091 matrem
3007 2030 3197 2094 deum
3235 2033 3384 2115 jure

1895 2127 2450 2189 conservatricem
2518 2130 2806 2211 agnovit.
2907 2134 3069 2194 Nam
3137 2135 3389 2219 aliquot

1895 2242 2045 2290 ante
2081 2229 2298 2303 annis,
2344 2248 2475 2312 quo
2504 2227 2612 2316 die¹
2645 2232 2942 2292 consueti
2990 2233 3128 2295 ludi
3163 2241 3389 2321 Mega·

1892 2329 2057 2392 lesia
2092 2330 2159 2390 in
2193 2329 2333 2412 ejus
2370 2328 2689 2394 honorem
2732 2332 2860 2394 acti
2899 2349 3084 2410 sunt,
3146 2341 3387 2401 Mater·-

1892 2453 2016 2493 nus
2043 2431 2361 2514 quispiam
2406 2430 2732 2496 lat-ronam
2781 2431 2912 2496 dux
2959 2438 3223 2500 Caesari
3261 2461 3390 2523 per

1895 2532 2202 2594 ludorum
2269 2531 2601 2595 licentiam
2649 2533 2917 2599 insidias
2943 2543 3383 2624 comparavit.

1894 2633 2168 2696 Prodito
2215 2652 2340 2717 per
2391 2634 2605 2696 socios
2638 2636 2952 2712 consilio,
3015 2654 3080 2701 et
3112 2655 3382 2706 auctore

1890 2733 2143 2794 meritis
2177 2733 2515 2816 suppliciis
2546 2734 2804 2798 adfecto
2841 2739 3020 2820 ipse,
3065 2762 3140 2803 ac
3176 2764 3386 2826 popu..

1889 2834 1995 2896 lus
2048 2834 2259 2896 omnis
2316 2836 2512 2913 deae,
2576 2838 2756 2901 velut
2809 2859 2974 2922 quae
3010 2842 3430 2929 principem·

1892 2950 2237 3020 praesente
2296 2939 2598 3022 periculo
2654 2940 3039 3023 eripuisset,
3137 2947 3378 3010 soteria

1891 3040 2155 3124 peregit
2185 3040 2265 3118 c).
2327 3042 2431 3103 De
2460 3039 2777 3123 Serapide
2814 3063 3074 3130 quoque
3112 3066 3379 3112 conser-

1896 3155 2119 3206 vatore
2150 3162 2305 3206 mox
2341 3129 2532 3207 iufra.

2461 3287 2500 3326 k
2625 3244 2664 3282 .
2788 3290 2827 3328 ὓ

2101 3350 2184 3409 Vt
2222 3352 2321 3414 lit.
2352 3353 2436 3410 A.

1891 3446 2676 3514 MAGNIFICEN'I'IAE.
2739 3451 2942 3520 AVG.
3011 3449 3195 3521 COS.
3262 3462 3378 3527 Vl.

1888 3548 1964 3611 P.
1996 3553 2071 3612 P.
2115 3556 2291 3614 iutra
2326 3575 2645 3619 coronam.
2689 3559 2828 3620 AE.
2866 3562 2947 3624 11.

2016 3654 2223 3717 Deest
2257 3654 2367 3717 hie
2398 3678 2633 3721 numus
2666 3658 2734 3721 in
2755 3658 3224 3737 Mediobarbo'‚
3272 3680 3382 3723 ex·

1891 3767 2017 3818 stat
2046 3756 2220 3839 apud
2242 3758 2664 3823 Vaillantium
2687 3806 2705 3837 ‚
2725 3805 2732 3812 -
2752 3762 2871 3824 sed
2916 3762 3026 3823 uhi
3046 3807 3062 3838 ‚
3107 3763 3247 3825 fors
3286 3777 3400 3844 ty-·

1891 3856 2202 3942 pothetae
2236 3877 2505 3934 errore,
2568 3861 2814 3944 legitur
2840 3865 3031 3929 COS.
3068 3866 3179 3927 111.
3221 3866 3379 3931 Vni·

1892 3979 2040 4023 cum
2093 3958 2270 4021 istud
2316 3974 2416 4023 est
2456 3965 2971 4045 Maynificentn‘ae
3020 3967 3235 4027 nnmis
3283 3968 3378 4029 in-

1889 4062 2171 4144 scriptae
2232 4061 2643 4144 exemplum,
2715 4085 2905 4148 quam
2967 4067 3373 4152 epigraphen

1882 4167 1950 4228 in
1980 4164 2249 4226 homine
2287 4163 2636 4226 vanissimo
2673 4166 2940 4249 quaevis
2971 4188 3164 4232 causa
3199 4192 3359 4256 quo-

1888 4265 2342 4350 modocunque
2372 4263 2593 4350 inepta
2624 4264 2892 4330 dictare
2904 4269 3141 4352 potuit.

2605 4367 2648 4406 4

2176 4478 2263 4537 Vt
2303 4411 2494 4536 1343.
2531 4476 2757 4553 Capita
2770 4413 3168 4557 Zuojteqatm
3202 4481 3373 4541 Com·

1730 4695 1792 4765 c)
1827 4657 2144 4750 Herodian.
2176 4690 2251 4748 ΔΙ..
2290 4688 2336 4749 Ῑ.
2372 4709 2422 4747 c.
2455 4702 2540 4752 ιο.
