<?xml version="1.0" encoding="UTF-8"?>
<!DOCTYPE html PUBLIC "-//W3C//DTD XHTML 1.0 Transitional//EN"
    "http://www.w3.org/TR/xhtml1/DTD/xhtml1-transitional.dtd">
<html xmlns="http://www.w3.org/1999/xhtml" xml:lang="en" lang="en">
 <head>
  <title>
</title>
<meta http-equiv="Content-Type" content="text/html;charset=utf-8" />
  <meta name='ocr-system' content='tesseract 3.04.00' />
  <meta name='ocr-capabilities' content='ocr_page ocr_carea ocr_par ocr_line ocrx_word'/>
</head>
<body>
  <div class='ocr_page' id='page_1' title='image "./doctrinanumorum09unkngoog_0097.png"; bbox 0 0 4475 5584; ppageno 0'>
   <div class='ocr_carea' id='block_1_1' title="bbox 2293 0 2915 2">
    <p class='ocr_par' dir='ltr' id='par_1_1' title="bbox 2293 0 2915 2">
     <span class='ocr_line' id='line_1_1' title="bbox 2293 0 2915 2; baseline 0 0"><span class='ocrx_word' id='word_1_1' title='bbox 2293 0 2915 2; x_wconf 95' lang='lat' dir='ltr'><strong> </strong></span> 
     </span>
    </p>
   </div>
   <div class='ocr_carea' id='block_1_2' title="bbox 1402 505 3399 607">
    <p class='ocr_par' dir='ltr' id='par_1_2' title="bbox 1402 505 3399 607">
     <span class='ocr_line' id='line_1_2' title="bbox 1402 505 3399 607; baseline -0.006 -25"><span class='ocrx_word' id='word_1_2' title='bbox 1402 505 1858 582; x_wconf 84' lang='lat' dir='ltr'><strong>ANNIVS</strong></span> <span class='ocrx_word' id='word_1_3' title='bbox 1958 506 2373 583; x_wconf 84' lang='lat' dir='ltr'><strong>VERVS.</strong></span> <span class='ocrx_word' id='word_1_4' title='bbox 3311 544 3399 607; x_wconf 73' lang='lat'><strong>85</strong></span> 
     </span>
    </p>
   </div>
   <div class='ocr_carea' id='block_1_3' title="bbox 322 689 1805 4328">
    <p class='ocr_par' dir='ltr' id='par_1_3' title="bbox 322 689 1805 4328">
     <span class='ocr_line' id='line_1_3' title="bbox 334 689 1805 756; baseline -0.003 0"><span class='ocrx_word' id='word_1_5' title='bbox 334 694 416 756; x_wconf 75' lang='lat'><strong>11.</strong></span> <span class='ocrx_word' id='word_1_6' title='bbox 443 693 698 754; x_wconf 76' lang='lat' dir='ltr'><strong>Aelium</strong></span> <span class='ocrx_word' id='word_1_7' title='bbox 744 694 1076 756; x_wconf 73' lang='lat' dir='ltr'><strong>Aurelium</strong></span> <span class='ocrx_word' id='word_1_8' title='bbox 1134 696 1365 756; x_wconf 80' lang='lat' dir='ltr'><strong>Verum</strong></span> <span class='ocrx_word' id='word_1_9' title='bbox 1417 692 1622 755; x_wconf 78' lang='lat' dir='ltr'><strong>fuisse</strong></span> <span class='ocrx_word' id='word_1_10' title='bbox 1670 689 1805 753; x_wconf 84' lang='lat' dir='ltr'><strong>die-</strong></span> 
     </span>
     <span class='ocr_line' id='line_1_4' title="bbox 332 795 1804 876; baseline 0 -22"><span class='ocrx_word' id='word_1_11' title='bbox 332 806 452 854; x_wconf 85' lang='lat' dir='ltr'><strong>tum</strong></span> <span class='ocrx_word' id='word_1_12' title='bbox 474 837 491 868; x_wconf 93' lang='lat'>‚</span> <span class='ocrx_word' id='word_1_13' title='bbox 537 807 605 854; x_wconf 90' lang='lat' dir='ltr'><strong>et</strong></span> <span class='ocrx_word' id='word_1_14' title='bbox 633 815 960 876; x_wconf 60' lang='lat' dir='ltr'><strong>nunquam</strong></span> <span class='ocrx_word' id='word_1_15' title='bbox 993 815 1075 857; x_wconf 71' lang='lat' dir='ltr'><strong>ex</strong></span> <span class='ocrx_word' id='word_1_16' title='bbox 1093 815 1167 856; x_wconf 87' lang='lat' dir='ltr'><strong>eo</strong></span> <span class='ocrx_word' id='word_1_17' title='bbox 1205 805 1479 873; x_wconf 76' lang='lat' dir='ltr'><strong>tempor-‘e</strong></span> <span class='ocrx_word' id='word_1_18' title='bbox 1503 798 1643 856; x_wconf 77' lang='lat' dir='ltr'><strong>sine</strong></span> <span class='ocrx_word' id='word_1_19' title='bbox 1681 795 1804 854; x_wconf 83' lang='lat' dir='ltr'><strong>An-</strong></span> 
     </span>
     <span class='ocr_line' id='line_1_5' title="bbox 329 894 1804 976; baseline -0.002 -19"><span class='ocrx_word' id='word_1_20' title='bbox 329 894 467 957; x_wconf 82' lang='lat' dir='ltr'><strong>relii</strong></span> <span class='ocrx_word' id='word_1_21' title='bbox 498 898 755 958; x_wconf 77' lang='lat' dir='ltr'><strong>nemine</strong></span> <span class='ocrx_word' id='word_1_22' title='bbox 786 897 861 955; x_wconf 81' lang='lat' dir='ltr'><strong>in</strong></span> <span class='ocrx_word' id='word_1_23' title='bbox 872 899 1083 958; x_wconf 68' lang='lat' dir='ltr'><strong>numi-s</strong></span> <span class='ocrx_word' id='word_1_24' title='bbox 1116 915 1494 976; x_wconf 78' lang='lat' dir='ltr'><strong>comparere.</strong></span> <span class='ocrx_word' id='word_1_25' title='bbox 1541 894 1804 955; x_wconf 86' lang='lat' dir='ltr'><strong>Postre-</strong></span> 
     </span>
     <span class='ocr_line' id='line_1_6' title="bbox 330 994 1801 1080; baseline 0 -23"><span class='ocrx_word' id='word_1_26' title='bbox 330 1016 462 1059; x_wconf 83' lang='lat' dir='ltr'><strong>mae</strong></span> <span class='ocrx_word' id='word_1_27' title='bbox 517 996 671 1059; x_wconf 84' lang='lat' dir='ltr'><strong>huie</strong></span> <span class='ocrx_word' id='word_1_28' title='bbox 730 994 903 1079; x_wconf 87' lang='lat' dir='ltr'><strong>parti</strong></span> <span class='ocrx_word' id='word_1_29' title='bbox 977 997 1397 1072; x_wconf 78' lang='lat' dir='ltr'><strong>distinctione</strong></span> <span class='ocrx_word' id='word_1_30' title='bbox 1454 1016 1620 1080; x_wconf 87' lang='lat' dir='ltr'><strong>opus</strong></span> <span class='ocrx_word' id='word_1_31' title='bbox 1679 1008 1801 1057; x_wconf 86' lang='lat' dir='ltr'><strong>est.</strong></span> 
     </span>
     <span class='ocr_line' id='line_1_7' title="bbox 332 1094 1803 1182; baseline -0.003 -21"><span class='ocrx_word' id='word_1_32' title='bbox 332 1099 580 1161; x_wconf 83' lang='lat' dir='ltr'>Certum</span> <span class='ocrx_word' id='word_1_33' title='bbox 617 1117 806 1175; x_wconf 86' lang='lat' dir='ltr'><strong>sane,</strong></span> <span class='ocrx_word' id='word_1_34' title='bbox 852 1098 1193 1162; x_wconf 78' lang='lat' dir='ltr'><strong>Aurelium</strong></span> <span class='ocrx_word' id='word_1_35' title='bbox 1230 1118 1491 1182; x_wconf 80' lang='lat' dir='ltr'><strong>semper</strong></span> <span class='ocrx_word' id='word_1_36' title='bbox 1520 1094 1689 1171; x_wconf 83' lang='lat' dir='ltr'><strong>dici,</strong></span> <span class='ocrx_word' id='word_1_37' title='bbox 1734 1106 1803 1157; x_wconf 86' lang='lat' dir='ltr'><strong>et</strong></span> 
     </span>
     <span class='ocr_line' id='line_1_8' title="bbox 330 1196 1801 1284; baseline -0.002 -24"><span class='ocrx_word' id='word_1_38' title='bbox 330 1196 445 1262; x_wconf 83' lang='lat' dir='ltr'><strong>boc</strong></span> <span class='ocrx_word' id='word_1_39' title='bbox 502 1219 746 1262; x_wconf 82' lang='lat' dir='ltr'><strong>nomen</strong></span> <span class='ocrx_word' id='word_1_40' title='bbox 804 1220 1135 1284; x_wconf 85' lang='lat' dir='ltr'><strong>nunqnam</strong></span> <span class='ocrx_word' id='word_1_41' title='bbox 1193 1198 1423 1261; x_wconf 85' lang='lat' dir='ltr'><strong>abesse</strong></span> <span class='ocrx_word' id='word_1_42' title='bbox 1474 1200 1544 1260; x_wconf 88' lang='lat' dir='ltr'><strong>in</strong></span> <span class='ocrx_word' id='word_1_43' title='bbox 1588 1196 1801 1258; x_wconf 86' lang='lat' dir='ltr'><strong>munis</strong></span> 
     </span>
     <span class='ocr_line' id='line_1_9' title="bbox 331 1298 1805 1376; baseline -0.005 -9"><span class='ocrx_word' id='word_1_44' title='bbox 331 1302 653 1367; x_wconf 79' lang='lat' dir='ltr'><strong>commatis</strong></span> <span class='ocrx_word' id='word_1_45' title='bbox 680 1301 999 1376; x_wconf 84' lang='lat' dir='ltr'><strong>Romani,</strong></span> <span class='ocrx_word' id='word_1_46' title='bbox 1044 1313 1110 1363; x_wconf 85' lang='lat' dir='ltr'><strong>at</strong></span> <span class='ocrx_word' id='word_1_47' title='bbox 1138 1319 1295 1360; x_wconf 88' lang='lat' dir='ltr'><strong>num</strong></span> <span class='ocrx_word' id='word_1_48' title='bbox 1341 1299 1538 1360; x_wconf 86' lang='lat' dir='ltr'><strong>etiam</strong></span> <span class='ocrx_word' id='word_1_49' title='bbox 1574 1298 1643 1358; x_wconf 93' lang='lat' dir='ltr'><strong>in</strong></span> <span class='ocrx_word' id='word_1_50' title='bbox 1685 1318 1805 1359; x_wconf 83' lang='lat' dir='ltr'><strong>nu-</strong></span> 
     </span>
     <span class='ocr_line' id='line_1_10' title="bbox 328 1398 1801 1487; baseline -0.005 -23"><span class='ocrx_word' id='word_1_51' title='bbox 328 1404 440 1465; x_wconf 86' lang='lat' dir='ltr'><strong>mis</strong></span> <span class='ocrx_word' id='word_1_52' title='bbox 484 1403 823 1466; x_wconf 83' lang='lat' dir='ltr'><strong>commatis</strong></span> <span class='ocrx_word' id='word_1_53' title='bbox 868 1399 1258 1487; x_wconf 80' lang='lat' dir='ltr'><strong>peregrini?</strong></span> <span class='ocrx_word' id='word_1_54' title='bbox 1320 1398 1490 1461; x_wconf 84' lang='lat' dir='ltr'><strong>Satis</strong></span> <span class='ocrx_word' id='word_1_55' title='bbox 1526 1411 1801 1473; x_wconf 84' lang='lat' dir='ltr'><strong>constat,</strong></span> 
     </span>
     <span class='ocr_line' id='line_1_11' title="bbox 325 1502 1802 1585; baseline -0.005 -19"><span class='ocrx_word' id='word_1_56' title='bbox 325 1503 512 1567; x_wconf 86' lang='lat' dir='ltr'><strong>urbes</strong></span> <span class='ocrx_word' id='word_1_57' title='bbox 559 1503 842 1567; x_wconf 85' lang='lat' dir='ltr'><strong>Graecas</strong></span> <span class='ocrx_word' id='word_1_58' title='bbox 902 1504 1068 1566; x_wconf 83' lang='lat' dir='ltr'><strong>citra</strong></span> <span class='ocrx_word' id='word_1_59' title='bbox 1121 1502 1307 1585; x_wconf 81' lang='lat' dir='ltr'><strong>leges</strong></span> <span class='ocrx_word' id='word_1_60' title='bbox 1348 1505 1600 1580; x_wconf 80' lang='lat' dir='ltr'><strong>Romae</strong></span> <span class='ocrx_word' id='word_1_61' title='bbox 1664 1518 1802 1559; x_wconf 88' lang='lat' dir='ltr'><strong>mo-</strong></span> 
     </span>
     <span class='ocr_line' id='line_1_12' title="bbox 324 1602 1799 1677; baseline -0.005 -10"><span class='ocrx_word' id='word_1_62' title='bbox 324 1605 590 1668; x_wconf 86' lang='lat' dir='ltr'><strong>netarias</strong></span> <span class='ocrx_word' id='word_1_63' title='bbox 651 1618 762 1668; x_wconf 83' lang='lat' dir='ltr'><strong>aut</strong></span> <span class='ocrx_word' id='word_1_64' title='bbox 819 1602 1148 1667; x_wconf 74' lang='lat' dir='ltr'>addidisse</span> <span class='ocrx_word' id='word_1_65' title='bbox 1206 1602 1499 1677; x_wconf 87' lang='lat' dir='ltr'><strong>nomina,</strong></span> <span class='ocrx_word' id='word_1_66' title='bbox 1562 1615 1673 1666; x_wconf 88' lang='lat' dir='ltr'><strong>ant</strong></span> <span class='ocrx_word' id='word_1_67' title='bbox 1716 1620 1799 1662; x_wconf 83' lang='lat' dir='ltr'><strong>ex</strong></span> 
     </span>
     <span class='ocr_line' id='line_1_13' title="bbox 328 1702 1800 1793; baseline -0.005 -24"><span class='ocrx_word' id='word_1_68' title='bbox 328 1708 649 1793; x_wconf 80' lang='lat' dir='ltr'><strong>pluribus,</strong></span> <span class='ocrx_word' id='word_1_69' title='bbox 712 1725 880 1792; x_wconf 87' lang='lat' dir='ltr'><strong>qnae</strong></span> <span class='ocrx_word' id='word_1_70' title='bbox 912 1705 1144 1781; x_wconf 86' lang='lat' dir='ltr'><strong>libuit,</strong></span> <span class='ocrx_word' id='word_1_71' title='bbox 1209 1703 1547 1790; x_wconf 75' lang='lat' dir='ltr'><strong>selegisse.</strong></span> <span class='ocrx_word' id='word_1_72' title='bbox 1606 1702 1800 1765; x_wconf 83' lang='lat' dir='ltr'><strong>Panl-</strong></span> 
     </span>
     <span class='ocr_line' id='line_1_14' title="bbox 329 1804 1785 1894; baseline -0.004 -23"><span class='ocrx_word' id='word_1_73' title='bbox 329 1809 391 1874; x_wconf 85' lang='lat' dir='ltr'><strong>lo</strong></span> <span class='ocrx_word' id='word_1_74' title='bbox 433 1831 622 1894; x_wconf 83' lang='lat' dir='ltr'><strong>snpra</strong></span> <span class='ocrx_word' id='word_1_75' title='bbox 667 1807 981 1883; x_wconf 79' lang='lat' dir='ltr'><strong>vidimus,</strong></span> <span class='ocrx_word' id='word_1_76' title='bbox 1040 1806 1414 1869; x_wconf 79' lang='lat' dir='ltr'><strong>Faustinam</strong></span> <span class='ocrx_word' id='word_1_77' title='bbox 1456 1804 1785 1888; x_wconf 88' lang='lat' dir='ltr'><strong>juniorem</strong></span> 
     </span>
     <span class='ocr_line' id='line_1_15' title="bbox 325 1902 1798 1990; baseline -0.004 -18"><span class='ocrx_word' id='word_1_78' title='bbox 325 1910 386 1972; x_wconf 91' lang='lat' dir='ltr'><strong>in</strong></span> <span class='ocrx_word' id='word_1_79' title='bbox 433 1923 691 1973; x_wconf 86' lang='lat' dir='ltr'><strong>moneta</strong></span> <span class='ocrx_word' id='word_1_80' title='bbox 733 1909 985 1972; x_wconf 84' lang='lat' dir='ltr'><strong>Graeca</strong></span> <span class='ocrx_word' id='word_1_81' title='bbox 1046 1907 1178 1970; x_wconf 86' lang='lat' dir='ltr'><strong>diei</strong></span> <span class='ocrx_word' id='word_1_82' title='bbox 1228 1910 1544 1983; x_wconf 75' lang='lat' dir='ltr'><strong>Anniam,</strong></span> <span class='ocrx_word' id='word_1_83' title='bbox 1621 1902 1798 1990; x_wconf 87' lang='lat' dir='ltr'><strong>qnod</strong></span> 
     </span>
     <span class='ocr_line' id='line_1_16' title="bbox 324 2006 1796 2092; baseline -0.006 -17"><span class='ocrx_word' id='word_1_84' title='bbox 324 2031 547 2075; x_wconf 85' lang='lat' dir='ltr'><strong>nomen</strong></span> <span class='ocrx_word' id='word_1_85' title='bbox 597 2024 858 2074; x_wconf 85' lang='lat' dir='ltr'><strong>moneta</strong></span> <span class='ocrx_word' id='word_1_86' title='bbox 903 2009 1085 2072; x_wconf 84' lang='lat' dir='ltr'><strong>urbis</strong></span> <span class='ocrx_word' id='word_1_87' title='bbox 1128 2029 1458 2092; x_wconf 86' lang='lat' dir='ltr'><strong>nunquam</strong></span> <span class='ocrx_word' id='word_1_88' title='bbox 1507 2006 1796 2089; x_wconf 84' lang='lat' dir='ltr'><strong>recepit3</strong></span> 
     </span>
     <span class='ocr_line' id='line_1_17' title="bbox 326 2107 1797 2198; baseline -0.004 -24"><span class='ocrx_word' id='word_1_89' title='bbox 326 2132 456 2175; x_wconf 87' lang='lat' dir='ltr'><strong>eam</strong></span> <span class='ocrx_word' id='word_1_90' title='bbox 471 2133 726 2198; x_wconf 89' lang='lat' dir='ltr'><strong>qnoque</strong></span> <span class='ocrx_word' id='word_1_91' title='bbox 748 2112 877 2174; x_wconf 84' lang='lat' dir='ltr'><strong>dici</strong></span> <span class='ocrx_word' id='word_1_92' title='bbox 900 2107 1198 2185; x_wconf 75' lang='lat' dir='ltr'><strong>NGAN,</strong></span> <span class='ocrx_word' id='word_1_93' title='bbox 1218 2113 1571 2186; x_wconf 80' lang='lat' dir='ltr'><strong>juniorem,</strong></span> <span class='ocrx_word' id='word_1_94' title='bbox 1602 2108 1797 2170; x_wconf 91' lang='lat' dir='ltr'><strong>etiam</strong></span> 
     </span>
     <span class='ocr_line' id='line_1_18' title="bbox 324 2208 1799 2295; baseline -0.005 -19"><span class='ocrx_word' id='word_1_95' title='bbox 324 2214 487 2278; x_wconf 86' lang='lat' dir='ltr'><strong>istud</strong></span> <span class='ocrx_word' id='word_1_96' title='bbox 532 2213 717 2277; x_wconf 90' lang='lat' dir='ltr'><strong>nullo</strong></span> <span class='ocrx_word' id='word_1_97' title='bbox 773 2212 1101 2295; x_wconf 83' lang='lat' dir='ltr'><strong>exemplo.</strong></span> <span class='ocrx_word' id='word_1_98' title='bbox 1175 2211 1287 2272; x_wconf 78' lang='lat' dir='ltr'><strong>sic</strong></span> <span class='ocrx_word' id='word_1_99' title='bbox 1340 2222 1408 2271; x_wconf 83' lang='lat' dir='ltr'><strong>et</strong></span> <span class='ocrx_word' id='word_1_100' title='bbox 1452 2233 1486 2271; x_wconf 88' lang='lat' dir='ltr'><strong>a</strong></span> <span class='ocrx_word' id='word_1_101' title='bbox 1527 2208 1799 2271; x_wconf 85' lang='lat' dir='ltr'><strong>Graecis</strong></span> 
     </span>
     <span class='ocr_line' id='line_1_19' title="bbox 330 2309 1803 2399; baseline -0.006 -20"><span class='ocrx_word' id='word_1_102' title='bbox 330 2315 610 2399; x_wconf 83' lang='lat' dir='ltr'><strong>Crispina</strong></span> <span class='ocrx_word' id='word_1_103' title='bbox 650 2314 894 2377; x_wconf 83' lang='lat' dir='ltr'><strong>dieitur</strong></span> <span class='ocrx_word' id='word_1_104' title='bbox 936 2309 1385 2389; x_wconf 83' lang='grc' dir='ltr'><strong>ΒΡΟΤΤῙΑ,</strong></span> <span class='ocrx_word' id='word_1_105' title='bbox 1446 2325 1512 2373; x_wconf 82' lang='lat' dir='ltr'><strong>et</strong></span> <span class='ocrx_word' id='word_1_106' title='bbox 1551 2309 1803 2372; x_wconf 89' lang='lat' dir='ltr'><strong>Saloni·</strong></span> 
     </span>
     <span class='ocr_line' id='line_1_20' title="bbox 325 2410 1801 2489; baseline -0.003 -10"><span class='ocrx_word' id='word_1_107' title='bbox 325 2435 400 2479; x_wconf 79' lang='lat' dir='ltr'><strong>na</strong></span> <span class='ocrx_word' id='word_1_108' title='bbox 432 2410 1024 2489; x_wconf 79' lang='lat' dir='ltr'><strong>XPTCOPONH,</strong></span> <span class='ocrx_word' id='word_1_109' title='bbox 1082 2413 1447 2480; x_wconf 81' lang='lat' dir='ltr'><strong>tacentibus</strong></span> <span class='ocrx_word' id='word_1_110' title='bbox 1485 2410 1648 2476; x_wconf 82' lang='lat' dir='ltr'><strong>haec</strong></span> <span class='ocrx_word' id='word_1_111' title='bbox 1684 2432 1801 2475; x_wconf 85' lang='lat' dir='ltr'><strong>no-</strong></span> 
     </span>
     <span class='ocr_line' id='line_1_21' title="bbox 326 2513 1800 2581; baseline -0.003 -1"><span class='ocrx_word' id='word_1_112' title='bbox 326 2520 487 2580; x_wconf 87' lang='lat' dir='ltr'><strong>mina</strong></span> <span class='ocrx_word' id='word_1_113' title='bbox 512 2518 843 2581; x_wconf 85' lang='lat' dir='ltr'><strong>Romanis.</strong></span> <span class='ocrx_word' id='word_1_114' title='bbox 885 2520 1298 2580; x_wconf 87' lang='lat' dir='ltr'><strong>Praenomen</strong></span> <span class='ocrx_word' id='word_1_115' title='bbox 1333 2520 1544 2578; x_wconf 83' lang='lat' dir='ltr'><strong>Marci</strong></span> <span class='ocrx_word' id='word_1_116' title='bbox 1585 2513 1651 2574; x_wconf 91' lang='lat' dir='ltr'><strong>in</strong></span> <span class='ocrx_word' id='word_1_117' title='bbox 1683 2536 1800 2575; x_wconf 87' lang='lat' dir='ltr'><strong>nu-</strong></span> 
     </span>
     <span class='ocr_line' id='line_1_22' title="bbox 324 2613 1797 2684; baseline -0.005 0"><span class='ocrx_word' id='word_1_118' title='bbox 324 2621 437 2684; x_wconf 86' lang='lat' dir='ltr'><strong>mis</strong></span> <span class='ocrx_word' id='word_1_119' title='bbox 472 2621 719 2683; x_wconf 80' lang='lat' dir='ltr'><strong>Aurelii</strong></span> <span class='ocrx_word' id='word_1_120' title='bbox 747 2619 958 2683; x_wconf 84' lang='lat' dir='ltr'><strong>adhue</strong></span> <span class='ocrx_word' id='word_1_121' title='bbox 993 2617 1289 2682; x_wconf 76' lang='lat' dir='ltr'><strong>Caesaris</strong></span> <span class='ocrx_word' id='word_1_122' title='bbox 1330 2613 1634 2678; x_wconf 80' lang='lat' dir='ltr'><strong>officinae</strong></span> <span class='ocrx_word' id='word_1_123' title='bbox 1668 2618 1797 2677; x_wconf 87' lang='lat' dir='ltr'><strong>Ro-</strong></span> 
     </span>
     <span class='ocr_line' id='line_1_23' title="bbox 323 2717 1794 2807; baseline -0.005 -23"><span class='ocrx_word' id='word_1_124' title='bbox 323 2743 532 2785; x_wconf 86' lang='lat' dir='ltr'><strong>manae</strong></span> <span class='ocrx_word' id='word_1_125' title='bbox 578 2724 806 2807; x_wconf 85' lang='lat' dir='ltr'><strong>legere</strong></span> <span class='ocrx_word' id='word_1_126' title='bbox 853 2743 986 2784; x_wconf 92' lang='lat' dir='ltr'><strong>non</strong></span> <span class='ocrx_word' id='word_1_127' title='bbox 1019 2734 1157 2796; x_wconf 84' lang='lat' dir='ltr'><strong>est,</strong></span> <span class='ocrx_word' id='word_1_128' title='bbox 1201 2717 1376 2780; x_wconf 82' lang='lat' dir='ltr'><strong>istud</strong></span> <span class='ocrx_word' id='word_1_129' title='bbox 1411 2731 1629 2780; x_wconf 87' lang='lat' dir='ltr'><strong>tamen</strong></span> <span class='ocrx_word' id='word_1_130' title='bbox 1661 2736 1794 2777; x_wconf 92' lang='lat' dir='ltr'><strong>non</strong></span> 
     </span>
     <span class='ocr_line' id='line_1_24' title="bbox 322 2815 1798 2909; baseline -0.007 -23"><span class='ocrx_word' id='word_1_131' title='bbox 322 2844 463 2886; x_wconf 81' lang='lat' dir='ltr'><strong>raro</strong></span> <span class='ocrx_word' id='word_1_132' title='bbox 519 2827 847 2909; x_wconf 83' lang='lat' dir='ltr'><strong>reperitur</strong></span> <span class='ocrx_word' id='word_1_133' title='bbox 903 2824 972 2885; x_wconf 90' lang='lat' dir='ltr'><strong>in</strong></span> <span class='ocrx_word' id='word_1_134' title='bbox 1019 2821 1236 2885; x_wconf 85' lang='lat' dir='ltr'><strong>numis</strong></span> <span class='ocrx_word' id='word_1_135' title='bbox 1283 2818 1550 2883; x_wconf 85' lang='lat' dir='ltr'><strong>exteris.</strong></span> <span class='ocrx_word' id='word_1_136' title='bbox 1627 2815 1798 2879; x_wconf 88' lang='lat' dir='ltr'><strong>Con·</strong></span> 
     </span>
     <span class='ocr_line' id='line_1_25' title="bbox 324 2916 1794 3002; baseline -0.005 -14"><span class='ocrx_word' id='word_1_137' title='bbox 324 2935 416 2988; x_wconf 79' lang='lat' dir='ltr'><strong>tra</strong></span> <span class='ocrx_word' id='word_1_138' title='bbox 454 2927 518 2988; x_wconf 89' lang='lat' dir='ltr'><strong>in</strong></span> <span class='ocrx_word' id='word_1_139' title='bbox 546 2926 761 2988; x_wconf 88' lang='lat' dir='ltr'><strong>nnmis</strong></span> <span class='ocrx_word' id='word_1_140' title='bbox 794 2924 1145 3000; x_wconf 81' lang='lat' dir='ltr'><strong>Romanis,</strong></span> <span class='ocrx_word' id='word_1_141' title='bbox 1190 2942 1249 2986; x_wconf 86' lang='lat' dir='ltr'><strong>e.</strong></span> <span class='ocrx_word' id='word_1_142' title='bbox 1286 2943 1349 2986; x_wconf 88' lang='lat' dir='ltr'><strong>o.</strong></span> <span class='ocrx_word' id='word_1_143' title='bbox 1390 2916 1675 3002; x_wconf 86' lang='lat' dir='ltr'><strong>Trajani,</strong></span> <span class='ocrx_word' id='word_1_144' title='bbox 1725 2929 1794 2980; x_wconf 81' lang='lat' dir='ltr'><strong>et</strong></span> 
     </span>
     <span class='ocr_line' id='line_1_26' title="bbox 322 3020 1789 3110; baseline -0.007 -19"><span class='ocrx_word' id='word_1_145' title='bbox 322 3027 611 3091; x_wconf 76' lang='lat' dir='ltr'><strong>Antonini</strong></span> <span class='ocrx_word' id='word_1_146' title='bbox 650 3027 757 3091; x_wconf 89' lang='lat' dir='ltr'><strong>Pii</strong></span> <span class='ocrx_word' id='word_1_147' title='bbox 792 3047 1118 3110; x_wconf 89' lang='lat' dir='ltr'><strong>nunquam</strong></span> <span class='ocrx_word' id='word_1_148' title='bbox 1151 3023 1445 3088; x_wconf 85' lang='lat' dir='ltr'><strong>occurrit</strong></span> <span class='ocrx_word' id='word_1_149' title='bbox 1477 3020 1789 3104; x_wconf 86' lang='lat' dir='ltr'><strong>seriptum</strong></span> 
     </span>
     <span class='ocr_line' id='line_1_27' title="bbox 326 3121 1792 3199; baseline -0.005 -9"><span class='ocrx_word' id='word_1_150' title='bbox 326 3141 593 3192; x_wconf 72' lang='lat' dir='ltr'><strong>tantum:</strong></span> <span class='ocrx_word' id='word_1_151' title='bbox 676 3128 1144 3195; x_wconf 76' lang='lat' dir='ltr'><strong>TRAIANVS.</strong></span> <span class='ocrx_word' id='word_1_152' title='bbox 1208 3125 1585 3199; x_wconf 83' lang='lat' dir='ltr'><strong>CAESAR,</strong></span> <span class='ocrx_word' id='word_1_153' title='bbox 1647 3121 1792 3185; x_wconf 69' lang='lat' dir='ltr'><strong>velt</strong></span> 
     </span>
     <span class='ocr_line' id='line_1_28' title="bbox 326 3222 1790 3309; baseline -0.007 -17"><span class='ocrx_word' id='word_1_154' title='bbox 326 3223 488 3293; x_wconf 76' lang='lat' dir='ltr'><strong>utP.</strong></span> <span class='ocrx_word' id='word_1_155' title='bbox 530 3229 1075 3304; x_wconf 77' lang='lat' dir='ltr'><strong>ANTONINVS,</strong></span> <span class='ocrx_word' id='word_1_156' title='bbox 1137 3242 1352 3290; x_wconf 87' lang='lat' dir='ltr'><strong>tamen</strong></span> <span class='ocrx_word' id='word_1_157' title='bbox 1389 3227 1454 3287; x_wconf 90' lang='lat' dir='ltr'><strong>in</strong></span> <span class='ocrx_word' id='word_1_158' title='bbox 1491 3222 1790 3309; x_wconf 86' lang='lat' dir='ltr'><strong>pluribus</strong></span> 
     </span>
     <span class='ocr_line' id='line_1_29' title="bbox 327 3321 1791 3417; baseline -0.006 -22"><span class='ocrx_word' id='word_1_159' title='bbox 327 3331 577 3396; x_wconf 83' lang='lat' dir='ltr'><strong>Graecis</strong></span> <span class='ocrx_word' id='word_1_160' title='bbox 640 3333 891 3417; x_wconf 81' lang='lat' dir='ltr'><strong>legitur</strong></span> <span class='ocrx_word' id='word_1_161' title='bbox 938 3344 1227 3393; x_wconf 79' lang='lat' dir='ltr'><strong>tantum=</strong></span> <span class='ocrx_word' id='word_1_162' title='bbox 1293 3321 1791 3388; x_wconf 74' lang='lat' dir='ltr'><strong>TPAIANOC.</strong></span> 
     </span>
     <span class='ocr_line' id='line_1_30' title="bbox 326 3423 1793 3512; baseline -0.006 -18"><span class='ocrx_word' id='word_1_163' title='bbox 326 3431 684 3512; x_wconf 78' lang='lat' dir='ltr'><strong>KAICAP,</strong></span> <span class='ocrx_word' id='word_1_164' title='bbox 755 3447 824 3496; x_wconf 80' lang='lat' dir='ltr'><strong>et</strong></span> <span class='ocrx_word' id='word_1_165' title='bbox 889 3428 1320 3509; x_wconf 70' lang='grc' dir='ltr'><strong>ΑΤτο-κρςιτωρ</strong></span> <span class='ocrx_word' id='word_1_166' title='bbox 1369 3423 1793 3490; x_wconf 81' lang='grc' dir='ltr'>ΑΝΤΩΝῙ-</span> 
     </span>
     <span class='ocr_line' id='line_1_31' title="bbox 324 3529 1786 3622; baseline -0.007 -23"><span class='ocrx_word' id='word_1_167' title='bbox 324 3530 507 3599; x_wconf 79' lang='lat' dir='ltr'><strong>NOC.</strong></span> <span class='ocrx_word' id='word_1_168' title='bbox 553 3539 735 3622; x_wconf 84' lang='lat' dir='ltr'><strong>Ergo</strong></span> <span class='ocrx_word' id='word_1_169' title='bbox 754 3555 835 3599; x_wconf 84' lang='lat' dir='ltr'><strong>ex</strong></span> <span class='ocrx_word' id='word_1_170' title='bbox 867 3533 1166 3621; x_wconf 85' lang='lat' dir='ltr'><strong>pluribus</strong></span> <span class='ocrx_word' id='word_1_171' title='bbox 1186 3529 1577 3606; x_wconf 83' lang='lat' dir='ltr'><strong>nominibus,</strong></span> <span class='ocrx_word' id='word_1_172' title='bbox 1620 3547 1786 3611; x_wconf 87' lang='lat' dir='ltr'><strong>quae</strong></span> 
     </span>
     <span class='ocr_line' id='line_1_32' title="bbox 322 3632 1788 3724; baseline -0.005 -27"><span class='ocrx_word' id='word_1_173' title='bbox 322 3637 543 3724; x_wconf 83' lang='lat' dir='ltr'><strong>singuli</strong></span> <span class='ocrx_word' id='word_1_174' title='bbox 567 3639 836 3724; x_wconf 84' lang='lat' dir='ltr'><strong>propria</strong></span> <span class='ocrx_word' id='word_1_175' title='bbox 869 3635 1161 3699; x_wconf 78' lang='lat' dir='ltr'><strong>habuere</strong></span> <span class='ocrx_word' id='word_1_176' title='bbox 1181 3678 1199 3710; x_wconf 94' lang='lat'><strong>,</strong></span> <span class='ocrx_word' id='word_1_177' title='bbox 1245 3632 1642 3715; x_wconf 73' lang='lat' dir='ltr'><strong>inscripsere</strong></span> <span class='ocrx_word' id='word_1_178' title='bbox 1670 3651 1788 3690; x_wconf 87' lang='lat' dir='ltr'><strong>nn·</strong></span> 
     </span>
     <span class='ocr_line' id='line_1_33' title="bbox 322 3733 1786 3827; baseline -0.005 -27"><span class='ocrx_word' id='word_1_179' title='bbox 322 3740 433 3801; x_wconf 81' lang='lat' dir='ltr'><strong>mis</strong></span> <span class='ocrx_word' id='word_1_180' title='bbox 458 3785 474 3816; x_wconf 93' lang='lat'><strong>,</strong></span> <span class='ocrx_word' id='word_1_181' title='bbox 516 3762 677 3827; x_wconf 87' lang='lat' dir='ltr'><strong>qnae</strong></span> <span class='ocrx_word' id='word_1_182' title='bbox 722 3741 1015 3803; x_wconf 83' lang='lat' dir='ltr'><strong>scribere</strong></span> <span class='ocrx_word' id='word_1_183' title='bbox 1048 3734 1332 3821; x_wconf 84' lang='lat' dir='ltr'><strong>placuit,</strong></span> <span class='ocrx_word' id='word_1_184' title='bbox 1379 3747 1571 3818; x_wconf 87' lang='lat' dir='ltr'><strong>atque</strong></span> <span class='ocrx_word' id='word_1_185' title='bbox 1619 3745 1689 3793; x_wconf 88' lang='lat' dir='ltr'><strong>ut</strong></span> <span class='ocrx_word' id='word_1_186' title='bbox 1721 3733 1786 3793; x_wconf 89' lang='lat' dir='ltr'><strong>in</strong></span> 
     </span>
     <span class='ocr_line' id='line_1_34' title="bbox 322 3834 1786 3907; baseline -0.003 -8"><span class='ocrx_word' id='word_1_187' title='bbox 322 3838 449 3901; x_wconf 81' lang='lat' dir='ltr'><strong>aliis</strong></span> <span class='ocrx_word' id='word_1_188' title='bbox 509 3847 596 3905; x_wconf 75' lang='grc' dir='ltr'><strong>Μ.</strong></span> <span class='ocrx_word' id='word_1_189' title='bbox 637 3843 895 3907; x_wconf 81' lang='lat' dir='ltr'><strong>Aurelii</strong></span> <span class='ocrx_word' id='word_1_190' title='bbox 956 3839 1168 3902; x_wconf 84' lang='lat' dir='ltr'><strong>adhue</strong></span> <span class='ocrx_word' id='word_1_191' title='bbox 1216 3835 1511 3900; x_wconf 76' lang='lat' dir='ltr'><strong>Caesaris</strong></span> <span class='ocrx_word' id='word_1_192' title='bbox 1572 3834 1786 3895; x_wconf 86' lang='lat' dir='ltr'><strong>numis</strong></span> 
     </span>
     <span class='ocr_line' id='line_1_35' title="bbox 322 3932 1788 4031; baseline -0.006 -28"><span class='ocrx_word' id='word_1_193' title='bbox 322 3943 619 4027; x_wconf 78' lang='lat' dir='ltr'><strong>scripsere</strong></span> <span class='ocrx_word' id='word_1_194' title='bbox 638 3944 900 4031; x_wconf 81' lang='lat' dir='ltr'><strong>plenius</strong></span> <span class='ocrx_word' id='word_1_195' title='bbox 917 3964 933 4005; x_wconf 71' lang='grc' dir='ltr'><strong>ε</strong></span> <span class='ocrx_word' id='word_1_196' title='bbox 948 3936 1056 4001; x_wconf 90' lang='grc' dir='ltr'><strong>Μ.</strong></span> <span class='ocrx_word' id='word_1_197' title='bbox 1074 3932 1788 4001; x_wconf 66' lang='grc' dir='ltr'><strong>ΑΤΡΗΛΙΟΟΩΤΗ-</strong></span> 
     </span>
     <span class='ocr_line' id='line_1_36' title="bbox 324 4033 1783 4126; baseline -0.004 -24"><span class='ocrx_word' id='word_1_198' title='bbox 324 4039 864 4110; x_wconf 75' lang='lat' dir='ltr'><strong>POC.KA10AP.</strong></span> <span class='ocrx_word' id='word_1_199' title='bbox 886 4087 905 4118; x_wconf 89' lang='lat'><strong>,</strong></span> <span class='ocrx_word' id='word_1_200' title='bbox 940 4043 1029 4105; x_wconf 87' lang='lat' dir='ltr'><strong>ita</strong></span> <span class='ocrx_word' id='word_1_201' title='bbox 1046 4042 1115 4104; x_wconf 90' lang='lat' dir='ltr'><strong>in</strong></span> <span class='ocrx_word' id='word_1_202' title='bbox 1142 4041 1592 4126; x_wconf 83' lang='lat' dir='ltr'><strong>aliisparcins:</strong></span> <span class='ocrx_word' id='word_1_203' title='bbox 1624 4033 1783 4098; x_wconf 81' lang='lat' dir='ltr'><strong>AT-</strong></span> 
     </span>
     <span class='ocr_line' id='line_1_37' title="bbox 325 4137 1782 4216; baseline 0 -15"><span class='ocrx_word' id='word_1_204' title='bbox 325 4138 661 4213; x_wconf 80' lang='lat' dir='ltr'><strong>PHAIOC.</strong></span> <span class='ocrx_word' id='word_1_205' title='bbox 683 4142 1072 4208; x_wconf 84' lang='lat' dir='ltr'><strong>OTHPOC.</strong></span> <span class='ocrx_word' id='word_1_206' title='bbox 1092 4137 1442 4206; x_wconf 79' lang='lat' dir='ltr'>KAICAP</span> <span class='ocrx_word' id='word_1_207' title='bbox 1457 4185 1473 4216; x_wconf 90' lang='lat'><strong>,</strong></span> <span class='ocrx_word' id='word_1_208' title='bbox 1520 4139 1627 4204; x_wconf 81' lang='lat' dir='ltr'><strong>ant</strong></span> <span class='ocrx_word' id='word_1_209' title='bbox 1649 4155 1782 4202; x_wconf 74' lang='lat' dir='ltr'><strong>tan·</strong></span> 
     </span>
     <span class='ocr_line' id='line_1_38' title="bbox 326 4242 1780 4328; baseline -0.002 -23"><span class='ocrx_word' id='word_1_210' title='bbox 326 4256 476 4308; x_wconf 74' lang='lat' dir='ltr'><strong>tnmz</strong></span> <span class='ocrx_word' id='word_1_211' title='bbox 504 4242 1008 4311; x_wconf 82' lang='lat' dir='ltr'><strong>ATPHAIOC.</strong></span> <span class='ocrx_word' id='word_1_212' title='bbox 1039 4242 1383 4308; x_wconf 79' lang='lat' dir='ltr'>KAICAP</span> <span class='ocrx_word' id='word_1_213' title='bbox 1403 4289 1421 4321; x_wconf 92' lang='lat'>‚</span> <span class='ocrx_word' id='word_1_214' title='bbox 1461 4262 1627 4328; x_wconf 89' lang='lat' dir='ltr'><strong>qnae</strong></span> <span class='ocrx_word' id='word_1_215' title='bbox 1647 4262 1780 4303; x_wconf 88' lang='lat' dir='ltr'><strong>om·</strong></span> 
     </span>
    </p>
   </div>
   <div class='ocr_carea' id='block_1_4' title="bbox 1903 693 3414 3815">
    <p class='ocr_par' dir='ltr' id='par_1_4' title="bbox 1913 693 3414 1682">
     <span class='ocr_line' id='line_1_39' title="bbox 1918 693 3410 777; baseline 0.011 -25"><span class='ocrx_word' id='word_1_216' title='bbox 1918 712 2138 754; x_wconf 86' lang='lat' dir='ltr'><strong>numo.</strong></span> <span class='ocrx_word' id='word_1_217' title='bbox 2183 695 2398 777; x_wconf 86' lang='lat' dir='ltr'><strong>Atque</strong></span> <span class='ocrx_word' id='word_1_218' title='bbox 2434 693 2562 756; x_wconf 83' lang='lat' dir='ltr'><strong>boe</strong></span> <span class='ocrx_word' id='word_1_219' title='bbox 2614 697 2766 760; x_wconf 85' lang='lat' dir='ltr'><strong>loeo</strong></span> <span class='ocrx_word' id='word_1_220' title='bbox 2817 701 2971 763; x_wconf 85' lang='lat' dir='ltr'><strong>satis</strong></span> <span class='ocrx_word' id='word_1_221' title='bbox 3009 702 3230 767; x_wconf 86' lang='lat' dir='ltr'><strong>mirari</strong></span> <span class='ocrx_word' id='word_1_222' title='bbox 3278 728 3410 769; x_wconf 85' lang='lat' dir='ltr'><strong>non</strong></span> 
     </span>
     <span class='ocr_line' id='line_1_40' title="bbox 1916 795 3411 891; baseline 0.011 -38"><span class='ocrx_word' id='word_1_223' title='bbox 1916 813 2182 876; x_wconf 86' lang='lat' dir='ltr'><strong>possum</strong></span> <span class='ocrx_word' id='word_1_224' title='bbox 2208 838 2226 870; x_wconf 94' lang='lat'><strong>,</strong></span> <span class='ocrx_word' id='word_1_225' title='bbox 2273 817 2309 857; x_wconf 90' lang='lat' dir='ltr'><strong>a</strong></span> <span class='ocrx_word' id='word_1_226' title='bbox 2341 795 2719 860; x_wconf 88' lang='lat' dir='ltr'><strong>Froelichio</strong></span> <span class='ocrx_word' id='word_1_227' title='bbox 2752 816 2945 883; x_wconf 85' lang='lat' dir='ltr'><strong>capnt</strong></span> <span class='ocrx_word' id='word_1_228' title='bbox 2975 802 3188 883; x_wconf 86' lang='lat' dir='ltr'><strong>istud,</strong></span> <span class='ocrx_word' id='word_1_229' title='bbox 3233 808 3411 891; x_wconf 87' lang='lat' dir='ltr'><strong>qnod</strong></span> 
     </span>
     <span class='ocr_line' id='line_1_41' title="bbox 1917 894 3411 986; baseline 0.013 -32"><span class='ocrx_word' id='word_1_230' title='bbox 1917 894 1985 954; x_wconf 85' lang='lat' dir='ltr'><strong>in</strong></span> <span class='ocrx_word' id='word_1_231' title='bbox 2036 914 2235 956; x_wconf 86' lang='lat' dir='ltr'><strong>numo</strong></span> <span class='ocrx_word' id='word_1_232' title='bbox 2283 894 2615 960; x_wconf 82' lang='lat' dir='ltr'><strong>luculenta</strong></span> <span class='ocrx_word' id='word_1_233' title='bbox 2651 922 2773 985; x_wconf 88' lang='lat' dir='ltr'><strong>per</strong></span> <span class='ocrx_word' id='word_1_234' title='bbox 2824 922 3062 986; x_wconf 62' lang='lat' dir='ltr'><strong>genas»,</strong></span> <span class='ocrx_word' id='word_1_235' title='bbox 3122 919 3188 969; x_wconf 88' lang='lat' dir='ltr'><strong>et</strong></span> <span class='ocrx_word' id='word_1_236' title='bbox 3233 928 3411 972; x_wconf 88' lang='lat' dir='ltr'><strong>men·</strong></span> 
     </span>
     <span class='ocr_line' id='line_1_42' title="bbox 1917 994 3411 1087; baseline 0.012 -32"><span class='ocrx_word' id='word_1_237' title='bbox 1917 1007 2056 1055; x_wconf 84' lang='lat' dir='ltr'><strong>tum</strong></span> <span class='ocrx_word' id='word_1_238' title='bbox 2089 994 2360 1057; x_wconf 88' lang='lat' dir='ltr'><strong>barbula</strong></span> <span class='ocrx_word' id='word_1_239' title='bbox 2391 1002 2697 1078; x_wconf 72' lang='lat' dir='ltr'><strong>vestitur,</strong></span> <span class='ocrx_word' id='word_1_240' title='bbox 2746 1003 2826 1065; x_wconf 90' lang='lat' dir='ltr'><strong>ab</strong></span> <span class='ocrx_word' id='word_1_241' title='bbox 2862 1005 3005 1087; x_wconf 87' lang='lat' dir='ltr'><strong>ipso</strong></span> <span class='ocrx_word' id='word_1_242' title='bbox 3045 1008 3276 1086; x_wconf 88' lang='lat' dir='ltr'><strong>etiam,</strong></span> <span class='ocrx_word' id='word_1_243' title='bbox 3339 1023 3411 1074; x_wconf 86' lang='lat' dir='ltr'><strong>nt</strong></span> 
     </span>
     <span class='ocr_line' id='line_1_43' title="bbox 1918 1096 3407 1189; baseline 0.012 -34"><span class='ocrx_word' id='word_1_244' title='bbox 1918 1115 2004 1156; x_wconf 85' lang='lat' dir='ltr'><strong>ex</strong></span> <span class='ocrx_word' id='word_1_245' title='bbox 2066 1096 2388 1161; x_wconf 84' lang='lat' dir='ltr'><strong>iconismo</strong></span> <span class='ocrx_word' id='word_1_246' title='bbox 2480 1117 2787 1185; x_wconf 84' lang='lat' dir='ltr'><strong>apparet,</strong></span> <span class='ocrx_word' id='word_1_247' title='bbox 2863 1107 3118 1189; x_wconf 84' lang='lat' dir='ltr'><strong>agnita,</strong></span> <span class='ocrx_word' id='word_1_248' title='bbox 3193 1111 3407 1173; x_wconf 86' lang='lat' dir='ltr'><strong>Annio</strong></span> 
     </span>
     <span class='ocr_line' id='line_1_44' title="bbox 1917 1197 3412 1285; baseline 0.009 -24"><span class='ocrx_word' id='word_1_249' title='bbox 1917 1197 2096 1261; x_wconf 86' lang='lat' dir='ltr'><strong>Vero</strong></span> <span class='ocrx_word' id='word_1_250' title='bbox 2142 1197 2382 1275; x_wconf 85' lang='lat' dir='ltr'><strong>tribui,</strong></span> <span class='ocrx_word' id='word_1_251' title='bbox 2428 1204 2538 1285; x_wconf 88' lang='lat' dir='ltr'><strong>qni</strong></span> <span class='ocrx_word' id='word_1_252' title='bbox 2574 1218 2871 1266; x_wconf 85' lang='lat' dir='ltr'><strong>mortuus</strong></span> <span class='ocrx_word' id='word_1_253' title='bbox 2921 1222 3057 1282; x_wconf 86' lang='lat' dir='ltr'><strong>est,</strong></span> <span class='ocrx_word' id='word_1_254' title='bbox 3100 1230 3252 1280; x_wconf 76' lang='lat' dir='ltr'><strong>,cum</strong></span> <span class='ocrx_word' id='word_1_255' title='bbox 3303 1232 3412 1273; x_wconf 91' lang='lat' dir='ltr'><strong>an·</strong></span> 
     </span>
     <span class='ocr_line' id='line_1_45' title="bbox 1915 1299 3414 1391; baseline 0.01 -33"><span class='ocrx_word' id='word_1_256' title='bbox 1915 1320 2069 1360; x_wconf 89' lang='lat' dir='ltr'><strong>num</strong></span> <span class='ocrx_word' id='word_1_257' title='bbox 2111 1299 2368 1361; x_wconf 85' lang='lat' dir='ltr'><strong>nonnisi</strong></span> <span class='ocrx_word' id='word_1_258' title='bbox 2402 1302 2750 1386; x_wconf 82' lang='lat' dir='ltr'><strong>septimum</strong></span> <span class='ocrx_word' id='word_1_259' title='bbox 2785 1305 2957 1369; x_wconf 80' lang='lat' dir='ltr'><strong>vitae</strong></span> <span class='ocrx_word' id='word_1_260' title='bbox 2988 1325 3240 1391; x_wconf 82' lang='lat' dir='ltr'><strong>ageret.</strong></span> <span class='ocrx_word' id='word_1_261' title='bbox 3283 1314 3414 1377; x_wconf 87' lang='lat' dir='ltr'><strong>Ve-</strong></span> 
     </span>
     <span class='ocr_line' id='line_1_46' title="bbox 1913 1400 3413 1474; baseline 0.009 -14"><span class='ocrx_word' id='word_1_262' title='bbox 1913 1420 2063 1460; x_wconf 87' lang='lat' dir='ltr'><strong>rum</strong></span> <span class='ocrx_word' id='word_1_263' title='bbox 2110 1420 2190 1462; x_wconf 87' lang='lat' dir='ltr'><strong>ex</strong></span> <span class='ocrx_word' id='word_1_264' title='bbox 2245 1400 2374 1462; x_wconf 88' lang='lat' dir='ltr'><strong>alio</strong></span> <span class='ocrx_word' id='word_1_265' title='bbox 2420 1424 2620 1466; x_wconf 87' lang='lat' dir='ltr'><strong>numo</strong></span> <span class='ocrx_word' id='word_1_266' title='bbox 2678 1409 2998 1470; x_wconf 85' lang='lat' dir='ltr'><strong>sententia</strong></span> <span class='ocrx_word' id='word_1_267' title='bbox 3049 1411 3413 1474; x_wconf 85' lang='lat' dir='ltr'><strong>Froeliehii</strong></span> 
     </span>
     <span class='ocr_line' id='line_1_47' title="bbox 1916 1500 3408 1592; baseline 0.012 -33"><span class='ocrx_word' id='word_1_268' title='bbox 1916 1500 2110 1582; x_wconf 88' lang='lat' dir='ltr'><strong>plane</strong></span> <span class='ocrx_word' id='word_1_269' title='bbox 2157 1504 2515 1582; x_wconf 78' lang='lat' dir='ltr'><strong>evertitur,</strong></span> <span class='ocrx_word' id='word_1_270' title='bbox 2564 1525 2759 1590; x_wconf 88' lang='lat' dir='ltr'><strong>quem</strong></span> <span class='ocrx_word' id='word_1_271' title='bbox 2799 1505 2906 1572; x_wconf 86' lang='lat' dir='ltr'><strong>hie</strong></span> <span class='ocrx_word' id='word_1_272' title='bbox 2939 1528 3020 1571; x_wconf 82' lang='lat' dir='ltr'><strong>ex</strong></span> <span class='ocrx_word' id='word_1_273' title='bbox 3043 1510 3408 1592; x_wconf 79' lang='lat' dir='ltr'><strong>Pellerinio</strong></span> 
     </span>
     <span class='ocr_line' id='line_1_48' title="bbox 1918 1597 2200 1682; baseline 0.014 -20"><span class='ocrx_word' id='word_1_274' title='bbox 1918 1600 2077 1665; x_wconf 82' lang='lat' dir='ltr'><strong>sisto</strong></span> <span class='ocrx_word' id='word_1_275' title='bbox 2106 1597 2200 1682; x_wconf 72' lang='lat'><strong>¹³).</strong></span> 
     </span>
    </p>

    <p class='ocr_par' dir='ltr' id='par_1_5' title="bbox 2198 1697 3409 1794">
     <span class='ocr_line' id='line_1_49' title="bbox 2198 1697 3409 1794; baseline 0.014 -33"><span class='ocrx_word' id='word_1_276' title='bbox 2198 1697 2585 1772; x_wconf 83' lang='lat' dir='ltr'><strong>OTHPOC.</strong></span> <span class='ocrx_word' id='word_1_277' title='bbox 2620 1703 2986 1774; x_wconf 80' lang='lat' dir='ltr'><strong>KAIGAP.</strong></span> <span class='ocrx_word' id='word_1_278' title='bbox 3060 1715 3262 1792; x_wconf 77' lang='lat' dir='ltr'><strong>Caput</strong></span> <span class='ocrx_word' id='word_1_279' title='bbox 3294 1720 3409 1794; x_wconf 78' lang='lat' dir='ltr'><strong>ju-</strong></span> 
     </span>
    </p>

    <p class='ocr_par' dir='ltr' id='par_1_6' title="bbox 1914 1809 3414 2089">
     <span class='ocr_line' id='line_1_50' title="bbox 2188 1809 2698 1871; baseline 0.004 -5"><span class='ocrx_word' id='word_1_280' title='bbox 2188 1809 2398 1868; x_wconf 80' lang='lat' dir='ltr'><strong>venile</strong></span> <span class='ocrx_word' id='word_1_281' title='bbox 2440 1812 2698 1871; x_wconf 70' lang='lat' dir='ltr'><strong>nudum.</strong></span> 
     </span>
     <span class='ocr_line' id='line_1_51' title="bbox 1918 1904 3414 1991; baseline 0.004 -18"><span class='ocrx_word' id='word_1_282' title='bbox 1918 1904 2147 1973; x_wconf 82' lang='lat' dir='ltr'><strong>CTPI.</strong></span> <span class='ocrx_word' id='word_1_283' title='bbox 2166 1905 2555 1973; x_wconf 82' lang='grc' dir='ltr'><strong>ΚΑΒΙΡΩ..</strong></span> <span class='ocrx_word' id='word_1_284' title='bbox 2620 1913 2823 1991; x_wconf 76' lang='lat' dir='ltr'><strong>Caput</strong></span> <span class='ocrx_word' id='word_1_285' title='bbox 2835 1914 3194 1976; x_wconf 79' lang='lat' dir='ltr'><strong>laureatum</strong></span> <span class='ocrx_word' id='word_1_286' title='bbox 3210 1920 3414 1980; x_wconf 80' lang='lat' dir='ltr'><strong>Auto-</strong></span> 
     </span>
     <span class='ocr_line' id='line_1_52' title="bbox 1914 2013 3410 2089; baseline 0.002 -16"><span class='ocrx_word' id='word_1_287' title='bbox 1914 2014 2060 2074; x_wconf 78' lang='lat' dir='ltr'><strong>nini</strong></span> <span class='ocrx_word' id='word_1_288' title='bbox 2102 2014 2250 2088; x_wconf 80' lang='lat' dir='ltr'><strong>Pii,</strong></span> <span class='ocrx_word' id='word_1_289' title='bbox 2317 2021 2384 2073; x_wconf 82' lang='lat' dir='ltr'><strong>et</strong></span> <span class='ocrx_word' id='word_1_290' title='bbox 2412 2013 2765 2074; x_wconf 75' lang='lat' dir='ltr'><strong>Faustinae</strong></span> <span class='ocrx_word' id='word_1_291' title='bbox 2804 2017 3110 2089; x_wconf 71' lang='lat' dir='ltr'><strong>ium‘oris.</strong></span> <span class='ocrx_word' id='word_1_292' title='bbox 3154 2017 3293 2078; x_wconf 84' lang='grc' dir='ltr'><strong>ΑΕ.</strong></span> <span class='ocrx_word' id='word_1_293' title='bbox 3330 2018 3410 2078; x_wconf 83' lang='grc' dir='ltr'><strong>Ῑῐ.</strong></span> 
     </span>
    </p>

    <p class='ocr_par' dir='ltr' id='par_1_7' title="bbox 2043 2111 3404 2189">
     <span class='ocr_line' id='line_1_53' title="bbox 2043 2111 3404 2189; baseline 0.004 -16"><span class='ocrx_word' id='word_1_294' title='bbox 2043 2111 2114 2173; x_wconf 85' lang='lat' dir='ltr'><strong>si</strong></span> <span class='ocrx_word' id='word_1_295' title='bbox 2142 2111 2594 2184; x_wconf 84' lang='lat' dir='ltr'><strong>Froelichium</strong></span> <span class='ocrx_word' id='word_1_296' title='bbox 2641 2112 2974 2189; x_wconf 78' lang='lat' dir='ltr'><strong>audimus,</strong></span> <span class='ocrx_word' id='word_1_297' title='bbox 3018 2112 3129 2179; x_wconf 85' lang='lat' dir='ltr'><strong>hio</strong></span> <span class='ocrx_word' id='word_1_298' title='bbox 3168 2137 3404 2184; x_wconf 85' lang='lat' dir='ltr'><strong>numus</strong></span> 
     </span>
    </p>

    <p class='ocr_par' dir='ltr' id='par_1_8' title="bbox 1903 2207 3413 3717">
     <span class='ocr_line' id='line_1_54' title="bbox 1912 2207 3409 2298; baseline 0.003 -22"><span class='ocrx_word' id='word_1_299' title='bbox 1912 2215 2004 2276; x_wconf 77' lang='lat' dir='ltr'><strong>M.</strong></span> <span class='ocrx_word' id='word_1_300' title='bbox 2039 2207 2294 2275; x_wconf 78' lang='lat' dir='ltr'><strong>A&#39;urelii</strong></span> <span class='ocrx_word' id='word_1_301' title='bbox 2347 2233 2492 2276; x_wconf 90' lang='lat' dir='ltr'><strong>esse</strong></span> <span class='ocrx_word' id='word_1_302' title='bbox 2547 2214 2809 2298; x_wconf 85' lang='lat' dir='ltr'><strong>nequit,</strong></span> <span class='ocrx_word' id='word_1_303' title='bbox 2871 2216 3175 2298; x_wconf 85' lang='lat' dir='ltr'><strong>quoniam</strong></span> <span class='ocrx_word' id='word_1_304' title='bbox 3221 2217 3409 2281; x_wconf 85' lang='lat' dir='ltr'><strong>abest</strong></span> 
     </span>
     <span class='ocr_line' id='line_1_55' title="bbox 1910 2316 3413 2381; baseline 0.004 -6"><span class='ocrx_word' id='word_1_305' title='bbox 1910 2332 2172 2377; x_wconf 85' lang='lat' dir='ltr'><strong>nomem</strong></span> <span class='ocrx_word' id='word_1_306' title='bbox 2206 2319 2487 2380; x_wconf 79' lang='lat' dir='ltr'><strong>Aurelii.</strong></span> <span class='ocrx_word' id='word_1_307' title='bbox 2550 2318 2637 2379; x_wconf 84' lang='lat' dir='ltr'><strong>At</strong></span> <span class='ocrx_word' id='word_1_308' title='bbox 2683 2316 2890 2378; x_wconf 83' lang='lat' dir='ltr'><strong>multo</strong></span> <span class='ocrx_word' id='word_1_309' title='bbox 2922 2316 3136 2379; x_wconf 86' lang='lat' dir='ltr'><strong>minus</strong></span> <span class='ocrx_word' id='word_1_310' title='bbox 3183 2318 3413 2381; x_wconf 61' lang='lat' dir='ltr'><strong>hAe·</strong></span> 
     </span>
     <span class='ocr_line' id='line_1_56' title="bbox 1912 2414 3402 2504; baseline 0.004 -28"><span class='ocrx_word' id='word_1_311' title='bbox 1912 2414 1987 2475; x_wconf 92' lang='lat' dir='ltr'><strong>lii</strong></span> <span class='ocrx_word' id='word_1_312' title='bbox 2004 2434 2150 2477; x_wconf 85' lang='lat' dir='ltr'><strong>esse</strong></span> <span class='ocrx_word' id='word_1_313' title='bbox 2165 2429 2405 2500; x_wconf 85' lang='lat' dir='ltr'><strong>potest,</strong></span> <span class='ocrx_word' id='word_1_314' title='bbox 2451 2416 2562 2504; x_wconf 80' lang='lat' dir='ltr'><strong>qui</strong></span> <span class='ocrx_word' id='word_1_315' title='bbox 2603 2418 2930 2480; x_wconf 83' lang='lat' dir='ltr'><strong>Antonino</strong></span> <span class='ocrx_word' id='word_1_316' title='bbox 2951 2417 3163 2481; x_wconf 88' lang='lat' dir='ltr'><strong>adbuc</strong></span> <span class='ocrx_word' id='word_1_317' title='bbox 3192 2421 3402 2502; x_wconf 82' lang='lat' dir='ltr'><strong>priva-</strong></span> 
     </span>
     <span class='ocr_line' id='line_1_57' title="bbox 1912 2517 3405 2604; baseline 0.003 -26"><span class='ocrx_word' id='word_1_318' title='bbox 1912 2529 2019 2591; x_wconf 88' lang='lat' dir='ltr'><strong>to,</strong></span> <span class='ocrx_word' id='word_1_319' title='bbox 2075 2517 2261 2596; x_wconf 84' lang='lat' dir='ltr'><strong>cnjus</strong></span> <span class='ocrx_word' id='word_1_320' title='bbox 2315 2530 2532 2579; x_wconf 82' lang='lat' dir='ltr'><strong>tamen</strong></span> <span class='ocrx_word' id='word_1_321' title='bbox 2572 2533 2764 2603; x_wconf 85' lang='lat' dir='ltr'><strong>eaput</strong></span> <span class='ocrx_word' id='word_1_322' title='bbox 2792 2521 3000 2584; x_wconf 87' lang='lat' dir='ltr'><strong>altera</strong></span> <span class='ocrx_word' id='word_1_323' title='bbox 3036 2520 3216 2581; x_wconf 87' lang='lat' dir='ltr'><strong>numi</strong></span> <span class='ocrx_word' id='word_1_324' title='bbox 3251 2537 3405 2604; x_wconf 88' lang='lat' dir='ltr'><strong>pars</strong></span> 
     </span>
     <span class='ocr_line' id='line_1_58' title="bbox 1915 2617 3405 2705; baseline 0.003 -25"><span class='ocrx_word' id='word_1_325' title='bbox 1915 2617 2223 2694; x_wconf 80' lang='lat' dir='ltr'><strong>exhibet,</strong></span> <span class='ocrx_word' id='word_1_326' title='bbox 2271 2633 2566 2680; x_wconf 84' lang='lat' dir='ltr'><strong>mortuus</strong></span> <span class='ocrx_word' id='word_1_327' title='bbox 2603 2634 2742 2696; x_wconf 88' lang='lat' dir='ltr'><strong>est,</strong></span> <span class='ocrx_word' id='word_1_328' title='bbox 2790 2634 2897 2681; x_wconf 89' lang='lat' dir='ltr'><strong>aut</strong></span> <span class='ocrx_word' id='word_1_329' title='bbox 2934 2622 3015 2683; x_wconf 87' lang='lat' dir='ltr'><strong>L.</strong></span> <span class='ocrx_word' id='word_1_330' title='bbox 3057 2621 3242 2695; x_wconf 83' lang='lat' dir='ltr'><strong>Veri,</strong></span> <span class='ocrx_word' id='word_1_331' title='bbox 3291 2621 3405 2705; x_wconf 85' lang='lat' dir='ltr'><strong>qni</strong></span> 
     </span>
     <span class='ocr_line' id='line_1_59' title="bbox 1915 2718 3402 2805; baseline 0.003 -23"><span class='ocrx_word' id='word_1_332' title='bbox 1915 2719 2061 2782; x_wconf 77' lang='lat' dir='ltr'><strong>vivo</strong></span> <span class='ocrx_word' id='word_1_333' title='bbox 2102 2718 2434 2781; x_wconf 87' lang='lat' dir='ltr'><strong>Antonino</strong></span> <span class='ocrx_word' id='word_1_334' title='bbox 2488 2738 2702 2803; x_wconf 89' lang='lat' dir='ltr'><strong>neque</strong></span> <span class='ocrx_word' id='word_1_335' title='bbox 2761 2726 2945 2795; x_wconf 79' lang='lat' dir='ltr'><strong>Veri,</strong></span> <span class='ocrx_word' id='word_1_336' title='bbox 2983 2739 3207 2805; x_wconf 80' lang='lat' dir='ltr'><strong>neque</strong></span> <span class='ocrx_word' id='word_1_337' title='bbox 3253 2726 3402 2786; x_wconf 82' lang='lat' dir='ltr'><strong>Cae·</strong></span> 
     </span>
     <span class='ocr_line' id='line_1_60' title="bbox 1907 2819 3399 2900; baseline 0.001 -17"><span class='ocrx_word' id='word_1_338' title='bbox 1907 2824 2075 2883; x_wconf 76' lang='lat' dir='ltr'><strong>saris</strong></span> <span class='ocrx_word' id='word_1_339' title='bbox 2092 2839 2333 2882; x_wconf 86' lang='lat' dir='ltr'><strong>nomen</strong></span> <span class='ocrx_word' id='word_1_340' title='bbox 2363 2819 2573 2882; x_wconf 87' lang='lat' dir='ltr'><strong>adhuc</strong></span> <span class='ocrx_word' id='word_1_341' title='bbox 2597 2819 2842 2894; x_wconf 85' lang='lat' dir='ltr'><strong>habuit,</strong></span> <span class='ocrx_word' id='word_1_342' title='bbox 2876 2835 2984 2883; x_wconf 87' lang='lat' dir='ltr'><strong>aut</strong></span> <span class='ocrx_word' id='word_1_343' title='bbox 3003 2822 3196 2884; x_wconf 83' lang='lat' dir='ltr'><strong>Annii</strong></span> <span class='ocrx_word' id='word_1_344' title='bbox 3214 2824 3399 2900; x_wconf 81' lang='lat' dir='ltr'><strong>Veri,</strong></span> 
     </span>
     <span class='ocr_line' id='line_1_61' title="bbox 1907 2922 3397 3008; baseline 0.001 -23"><span class='ocrx_word' id='word_1_345' title='bbox 1907 2922 2022 3008; x_wconf 71' lang='lat' dir='ltr'><strong>qui</strong></span> <span class='ocrx_word' id='word_1_346' title='bbox 2065 2922 2217 2986; x_wconf 82' lang='lat' dir='ltr'><strong>vivo</strong></span> <span class='ocrx_word' id='word_1_347' title='bbox 2247 2922 2579 2983; x_wconf 82' lang='lat' dir='ltr'><strong>Antonino</strong></span> <span class='ocrx_word' id='word_1_348' title='bbox 2611 2940 2696 2982; x_wconf 89' lang='lat' dir='ltr'><strong>ne</strong></span> <span class='ocrx_word' id='word_1_349' title='bbox 2738 2934 2925 2982; x_wconf 88' lang='lat' dir='ltr'><strong>natus</strong></span> <span class='ocrx_word' id='word_1_350' title='bbox 2959 2922 3223 3006; x_wconf 82' lang='lat' dir='ltr'><strong>quidem</strong></span> <span class='ocrx_word' id='word_1_351' title='bbox 3249 2923 3397 2994; x_wconf 76' lang='lat' dir='ltr'><strong>fuit.</strong></span> 
     </span>
     <span class='ocr_line' id='line_1_62' title="bbox 1905 3022 3394 3107; baseline 0.002 -23"><span class='ocrx_word' id='word_1_352' title='bbox 1905 3026 2090 3107; x_wconf 82' lang='lat' dir='ltr'><strong>Ergo</strong></span> <span class='ocrx_word' id='word_1_353' title='bbox 2134 3022 2190 3083; x_wconf 89' lang='lat' dir='ltr'><strong>is</strong></span> <span class='ocrx_word' id='word_1_354' title='bbox 2245 3043 2481 3085; x_wconf 87' lang='lat' dir='ltr'><strong>numus</strong></span> <span class='ocrx_word' id='word_1_355' title='bbox 2523 3034 2632 3098; x_wconf 80' lang='lat' dir='ltr'><strong>ant</strong></span> <span class='ocrx_word' id='word_1_356' title='bbox 2677 3022 2963 3096; x_wconf 87' lang='lat' dir='ltr'><strong>nullius,</strong></span> <span class='ocrx_word' id='word_1_357' title='bbox 3037 3037 3147 3086; x_wconf 86' lang='lat' dir='ltr'><strong>ant</strong></span> <span class='ocrx_word' id='word_1_358' title='bbox 3202 3025 3394 3088; x_wconf 86' lang='lat' dir='ltr'><strong>unius</strong></span> 
     </span>
     <span class='ocr_line' id='line_1_63' title="bbox 1904 3123 3396 3209; baseline 0.001 -22"><span class='ocrx_word' id='word_1_359' title='bbox 1904 3129 1998 3189; x_wconf 85' lang='lat' dir='ltr'><strong>M.</strong></span> <span class='ocrx_word' id='word_1_360' title='bbox 2054 3124 2307 3186; x_wconf 83' lang='lat' dir='ltr'><strong>Aurelii</strong></span> <span class='ocrx_word' id='word_1_361' title='bbox 2365 3125 2523 3200; x_wconf 84' lang='lat' dir='ltr'><strong>erit,</strong></span> <span class='ocrx_word' id='word_1_362' title='bbox 2594 3123 3040 3209; x_wconf 82' lang='lat' dir='ltr'><strong>probaturque</strong></span> <span class='ocrx_word' id='word_1_363' title='bbox 3095 3126 3206 3188; x_wconf 77' lang='lat' dir='ltr'><strong>vel</strong></span> <span class='ocrx_word' id='word_1_364' title='bbox 3261 3146 3396 3188; x_wconf 87' lang='lat' dir='ltr'><strong>nno</strong></span> 
     </span>
     <span class='ocr_line' id='line_1_64' title="bbox 1907 3224 3400 3311; baseline 0 -23"><span class='ocrx_word' id='word_1_365' title='bbox 1907 3225 2035 3289; x_wconf 84' lang='lat' dir='ltr'><strong>hoe</strong></span> <span class='ocrx_word' id='word_1_366' title='bbox 2080 3247 2321 3303; x_wconf 89' lang='lat' dir='ltr'><strong>numo,</strong></span> <span class='ocrx_word' id='word_1_367' title='bbox 2380 3225 2554 3311; x_wconf 90' lang='lat' dir='ltr'><strong>quod</strong></span> <span class='ocrx_word' id='word_1_368' title='bbox 2603 3224 2885 3310; x_wconf 84' lang='lat' dir='ltr'><strong>probare</strong></span> <span class='ocrx_word' id='word_1_369' title='bbox 2940 3226 3256 3288; x_wconf 85' lang='lat' dir='ltr'><strong>hactenns</strong></span> <span class='ocrx_word' id='word_1_370' title='bbox 3299 3226 3400 3288; x_wconf 90' lang='lat' dir='ltr'><strong>in-</strong></span> 
     </span>
     <span class='ocr_line' id='line_1_65' title="bbox 1906 3328 3397 3413; baseline 0 -23"><span class='ocrx_word' id='word_1_371' title='bbox 1906 3328 2279 3404; x_wconf 65' lang='lat' dir='ltr'><strong>stitueram,</strong></span> <span class='ocrx_word' id='word_1_372' title='bbox 2352 3331 2610 3390; x_wconf 81' lang='lat' dir='ltr'><strong>Aurelii</strong></span> <span class='ocrx_word' id='word_1_373' title='bbox 2667 3348 2910 3391; x_wconf 90' lang='lat' dir='ltr'><strong>nomen</strong></span> <span class='ocrx_word' id='word_1_374' title='bbox 2955 3347 3085 3412; x_wconf 84' lang='lat' dir='ltr'><strong>non</strong></span> <span class='ocrx_word' id='word_1_375' title='bbox 3134 3348 3397 3413; x_wconf 86' lang='lat' dir='ltr'><strong>semper</strong></span> 
     </span>
     <span class='ocr_line' id='line_1_66' title="bbox 1906 3429 3396 3512; baseline 0.001 -21"><span class='ocrx_word' id='word_1_376' title='bbox 1906 3430 2098 3512; x_wconf 87' lang='lat' dir='ltr'><strong>hujus</strong></span> <span class='ocrx_word' id='word_1_377' title='bbox 2139 3430 2355 3492; x_wconf 88' lang='lat' dir='ltr'><strong>nnmis</strong></span> <span class='ocrx_word' id='word_1_378' title='bbox 2399 3429 2602 3492; x_wconf 81' lang='lat' dir='ltr'><strong>fuisse</strong></span> <span class='ocrx_word' id='word_1_379' title='bbox 2650 3429 3002 3510; x_wconf 74' lang='lat' dir='ltr'><strong>adjectum.</strong></span> <span class='ocrx_word' id='word_1_380' title='bbox 3077 3430 3165 3491; x_wconf 86' lang='lat' dir='ltr'><strong>At</strong></span> <span class='ocrx_word' id='word_1_381' title='bbox 3217 3430 3396 3494; x_wconf 83' lang='lat' dir='ltr'><strong>enim</strong></span> 
     </span>
     <span class='ocr_line' id='line_1_67' title="bbox 1906 3530 3392 3617; baseline 0.001 -24"><span class='ocrx_word' id='word_1_382' title='bbox 1906 3531 2103 3593; x_wconf 86' lang='lat' dir='ltr'><strong>alium</strong></span> <span class='ocrx_word' id='word_1_383' title='bbox 2137 3553 2407 3595; x_wconf 88' lang='lat' dir='ltr'><strong>numum</strong></span> <span class='ocrx_word' id='word_1_384' title='bbox 2442 3532 2597 3594; x_wconf 88' lang='lat' dir='ltr'><strong>dare</strong></span> <span class='ocrx_word' id='word_1_385' title='bbox 2631 3530 2847 3608; x_wconf 87' lang='lat' dir='ltr'><strong>lubet,</strong></span> <span class='ocrx_word' id='word_1_386' title='bbox 2895 3551 3089 3617; x_wconf 82' lang='lat' dir='ltr'><strong>quem</strong></span> <span class='ocrx_word' id='word_1_387' title='bbox 3116 3530 3196 3594; x_wconf 87' lang='lat' dir='ltr'><strong>ad</strong></span> <span class='ocrx_word' id='word_1_388' title='bbox 3217 3530 3392 3594; x_wconf 86' lang='lat' dir='ltr'><strong>idem</strong></span> 
     </span>
     <span class='ocr_line' id='line_1_68' title="bbox 1903 3631 3012 3717; baseline -0.002 -21"><span class='ocrx_word' id='word_1_389' title='bbox 1903 3631 2460 3717; x_wconf 84' lang='lat' dir='ltr'><strong>comprobandum</strong></span> <span class='ocrx_word' id='word_1_390' title='bbox 2496 3633 2784 3697; x_wconf 82' lang='lat' dir='ltr'><strong>advoeo=</strong></span> <span class='ocrx_word' id='word_1_391' title='bbox 3005 3709 3012 3716; x_wconf 18' lang='grc' dir='ltr'>υ</span> 
     </span>
    </p>

    <p class='ocr_par' dir='ltr' id='par_1_9' title="bbox 2187 3729 3393 3815">
     <span class='ocr_line' id='line_1_69' title="bbox 2187 3729 3393 3815; baseline 0.004 -21"><span class='ocrx_word' id='word_1_392' title='bbox 2187 3731 2575 3799; x_wconf 81' lang='lat' dir='ltr'><strong>OTHPOC.</strong></span> <span class='ocrx_word' id='word_1_393' title='bbox 2620 3729 2985 3797; x_wconf 78' lang='lat' dir='ltr'><strong>KAICAP.</strong></span> <span class='ocrx_word' id='word_1_394' title='bbox 3061 3738 3393 3815; x_wconf 67' lang='lat' dir='ltr'><strong>Capuey‘u-</strong></span> 
     </span>
    </p>
   </div>
   <div class='ocr_carea' id='block_1_5' title="bbox 1903 3832 3390 4014">
    <p class='ocr_par' dir='ltr' id='par_1_10' title="bbox 1903 3832 3390 4014">
     <span class='ocr_line' id='line_1_70' title="bbox 2182 3832 2677 3900; baseline -0.002 -2"><span class='ocrx_word' id='word_1_395' title='bbox 2182 3840 2393 3900; x_wconf 75' lang='lat' dir='ltr'><strong>venile</strong></span> <span class='ocrx_word' id='word_1_396' title='bbox 2417 3832 2677 3899; x_wconf 75' lang='lat' dir='ltr'><strong>nu&#39;dum.</strong></span> 
     </span>
     <span class='ocr_line' id='line_1_71' title="bbox 1903 3931 3390 4014; baseline -0.012 -11"><span class='ocrx_word' id='word_1_397' title='bbox 1903 3934 2138 4003; x_wconf 83' lang='lat' dir='ltr'><strong>CTPI.</strong></span> <span class='ocrx_word' id='word_1_398' title='bbox 2181 3934 2396 4000; x_wconf 83' lang='grc' dir='ltr'>ΚΑΒ]</span> <span class='ocrx_word' id='word_1_399' title='bbox 2409 3931 2638 4000; x_wconf 80' lang='grc' dir='ltr'><strong>ΡΩΝ.</strong></span> <span class='ocrx_word' id='word_1_400' title='bbox 2688 3937 2831 3996; x_wconf 76' lang='lat' dir='ltr'><strong>Duo</strong></span> <span class='ocrx_word' id='word_1_401' title='bbox 2890 3939 3108 4014; x_wconf 78' lang='lat' dir='ltr'><strong>capita</strong></span> <span class='ocrx_word' id='word_1_402' title='bbox 3125 3941 3390 4013; x_wconf 65' lang='lat' dir='ltr'><strong>saveni-</strong></span> 
     </span>
    </p>
   </div>
   <div class='ocr_carea' id='block_1_6' title="bbox 1899 4037 3386 4224">
    <p class='ocr_par' dir='ltr' id='par_1_11' title="bbox 1899 4037 3386 4224">
     <span class='ocr_line' id='line_1_72' title="bbox 1899 4037 3386 4123; baseline -0.002 -20"><span class='ocrx_word' id='word_1_403' title='bbox 1899 4045 1993 4103; x_wconf 73' lang='grc' dir='ltr'><strong>[ἔτι</strong></span> <span class='ocrx_word' id='word_1_404' title='bbox 2009 4062 2078 4103; x_wconf 81' lang='lat' dir='ltr'><strong>se</strong></span> <span class='ocrx_word' id='word_1_405' title='bbox 2093 4041 2525 4118; x_wconf 72' lang='lat' dir='ltr'><strong>respicientia.</strong></span> <span class='ocrx_word' id='word_1_406' title='bbox 2571 4037 2801 4099; x_wconf 81' lang='lat' dir='ltr'><strong>AR.11.</strong></span> <span class='ocrx_word' id='word_1_407' title='bbox 2844 4039 3107 4118; x_wconf 83' lang='lat' dir='ltr'><strong>(Haym.</strong></span> <span class='ocrx_word' id='word_1_408' title='bbox 3127 4040 3204 4099; x_wconf 83' lang='grc' dir='ltr'><strong>Τ.</strong></span> <span class='ocrx_word' id='word_1_409' title='bbox 3221 4038 3301 4103; x_wconf 86' lang='lat'><strong>11.</strong></span> <span class='ocrx_word' id='word_1_410' title='bbox 3319 4045 3386 4123; x_wconf 76' lang='lat'><strong>1).</strong></span> 
     </span>
     <span class='ocr_line' id='line_1_73' title="bbox 1900 4135 2952 4224; baseline -0.002 -22"><span class='ocrx_word' id='word_1_411' title='bbox 1900 4144 2042 4224; x_wconf 71' lang='lat' dir='ltr'><strong>esso.</strong></span> <span class='ocrx_word' id='word_1_412' title='bbox 2072 4135 2391 4203; x_wconf 86' lang='lat' dir='ltr'><strong>Pellerin.</strong></span> <span class='ocrx_word' id='word_1_413' title='bbox 2437 4139 2591 4201; x_wconf 80' lang='lat' dir='ltr'><strong>Mel.</strong></span> <span class='ocrx_word' id='word_1_414' title='bbox 2626 4141 2674 4200; x_wconf 90' lang='lat'><strong>1.</strong></span> <span class='ocrx_word' id='word_1_415' title='bbox 2717 4161 2783 4221; x_wconf 88' lang='lat' dir='ltr'><strong>p.</strong></span> <span class='ocrx_word' id='word_1_416' title='bbox 2815 4138 2952 4217; x_wconf 72' lang='lat'><strong>70.)</strong></span> 
     </span>
    </p>
   </div>
   <div class='ocr_carea' id='block_1_7' title="bbox 2021 4241 3383 4324">
    <p class='ocr_par' dir='ltr' id='par_1_12' title="bbox 2021 4241 3383 4324">
     <span class='ocr_line' id='line_1_74' title="bbox 2021 4241 3383 4324; baseline -0.004 -14"><span class='ocrx_word' id='word_1_417' title='bbox 2021 4241 2427 4316; x_wconf 86' lang='lat' dir='ltr'><strong>Notandum,</strong></span> <span class='ocrx_word' id='word_1_418' title='bbox 2491 4253 2685 4324; x_wconf 77' lang='lat' dir='ltr'><strong>capnt</strong></span> <span class='ocrx_word' id='word_1_419' title='bbox 2734 4241 2983 4304; x_wconf 79' lang='lat' dir='ltr'><strong>amicae</strong></span> <span class='ocrx_word' id='word_1_420' title='bbox 3032 4241 3101 4302; x_wconf 89' lang='lat' dir='ltr'><strong>in</strong></span> <span class='ocrx_word' id='word_1_421' title='bbox 3145 4252 3383 4324; x_wconf 82' lang='lat' dir='ltr'><strong>ectypo</strong></span> 
     </span>
    </p>
   </div>
   <div class='ocr_carea' id='block_1_8' title="bbox 325 4341 3384 4436">
    <p class='ocr_par' dir='ltr' id='par_1_13' title="bbox 325 4341 3384 4436">
     <span class='ocr_line' id='line_1_75' title="bbox 325 4341 3384 4436; baseline -0.002 -26"><span class='ocrx_word' id='word_1_422' title='bbox 325 4346 418 4410; x_wconf 69' lang='lat' dir='ltr'><strong>nia</strong></span> <span class='ocrx_word' id='word_1_423' title='bbox 443 4349 633 4415; x_wconf 86' lang='lat' dir='ltr'><strong>babes</strong></span> <span class='ocrx_word' id='word_1_424' title='bbox 654 4348 1273 4436; x_wconf 86' lang='lat' dir='ltr'><strong>apudPellerinium</strong></span> <span class='ocrx_word' id='word_1_425' title='bbox 1317 4349 1372 4425; x_wconf 80' lang='lat'><strong>⁸)</strong></span> <span class='ocrx_word' id='word_1_426' title='bbox 1406 4343 1783 4430; x_wconf 85' lang='lat' dir='ltr'><strong>atqueadeo</strong></span> <span class='ocrx_word' id='word_1_427' title='bbox 1894 4345 2257 4430; x_wconf 80' lang='lat' dir='ltr'><strong>Haymiano</strong></span> <span class='ocrx_word' id='word_1_428' title='bbox 2315 4341 2670 4422; x_wconf 76' lang='lat' dir='ltr'><strong>secundnm</strong></span> <span class='ocrx_word' id='word_1_429' title='bbox 2727 4358 3017 4406; x_wconf 83' lang='lat' dir='ltr'><strong>mentum</strong></span> <span class='ocrx_word' id='word_1_430' title='bbox 3084 4341 3384 4405; x_wconf 84' lang='lat' dir='ltr'><strong>lnenlen·</strong></span> 
     </span>
    </p>
   </div>
   <div class='ocr_carea' id='block_1_9' title="bbox 328 4443 1781 4542">
    <p class='ocr_par' dir='ltr' id='par_1_14' title="bbox 328 4443 1781 4542">
     <span class='ocr_line' id='line_1_76' title="bbox 328 4443 1781 4542; baseline -0.008 -30"><span class='ocrx_word' id='word_1_431' title='bbox 328 4448 386 4512; x_wconf 84' lang='lat' dir='ltr'><strong>in</strong></span> <span class='ocrx_word' id='word_1_432' title='bbox 415 4451 545 4515; x_wconf 78' lang='lat' dir='ltr'><strong>aliis</strong></span> <span class='ocrx_word' id='word_1_433' title='bbox 588 4473 851 4539; x_wconf 85' lang='lat' dir='ltr'><strong>quoqne</strong></span> <span class='ocrx_word' id='word_1_434' title='bbox 887 4466 1136 4542; x_wconf 84' lang='lat' dir='ltr'><strong>tantum</strong></span> <span class='ocrx_word' id='word_1_435' title='bbox 1170 4446 1556 4511; x_wconf 84' lang='lat' dir='ltr'><strong>OTHPOC.</strong></span> <span class='ocrx_word' id='word_1_436' title='bbox 1589 4443 1781 4504; x_wconf 84' lang='grc' dir='ltr'>ΚΑΙ-</span> 
     </span>
    </p>
   </div>
   <div class='ocr_carea' id='block_1_10' title="bbox 1890 4444 3383 4531">
    <p class='ocr_par' dir='ltr' id='par_1_15' title="bbox 1890 4444 3383 4531">
     <span class='ocr_line' id='line_1_77' title="bbox 1890 4444 3383 4531; baseline -0.001 -20"><span class='ocrx_word' id='word_1_437' title='bbox 1890 4461 2024 4511; x_wconf 82' lang='lat' dir='ltr'><strong>tam</strong></span> <span class='ocrx_word' id='word_1_438' title='bbox 2059 4446 2397 4510; x_wconf 86' lang='lat' dir='ltr'><strong>barbulam</strong></span> <span class='ocrx_word' id='word_1_439' title='bbox 2436 4444 2720 4508; x_wconf 68' lang='lat' dir='ltr'><strong>offerret</strong></span> <span class='ocrx_word' id='word_1_440' title='bbox 2767 4465 2898 4531; x_wconf 87' lang='lat' dir='ltr'><strong>quo</strong></span> <span class='ocrx_word' id='word_1_441' title='bbox 2940 4458 3238 4523; x_wconf 79' lang='lat' dir='ltr'><strong>cavetur,</strong></span> <span class='ocrx_word' id='word_1_442' title='bbox 3297 4465 3383 4509; x_wconf 82' lang='lat' dir='ltr'><strong>ne</strong></span> 
     </span>
    </p>
   </div>
   <div class='ocr_carea' id='block_1_11' title="bbox 330 4547 3380 4654">
    <p class='ocr_par' dir='ltr' id='par_1_16' title="bbox 330 4547 3380 4654">
     <span class='ocr_line' id='line_1_78' title="bbox 330 4547 3380 4654; baseline -0.002 -39"><span class='ocrx_word' id='word_1_443' title='bbox 330 4549 531 4633; x_wconf 69' lang='lat' dir='ltr'><strong>CAR,</strong></span> <span class='ocrx_word' id='word_1_444' title='bbox 591 4570 662 4619; x_wconf 82' lang='lat' dir='ltr'><strong>ut</strong></span> <span class='ocrx_word' id='word_1_445' title='bbox 708 4556 778 4616; x_wconf 88' lang='lat' dir='ltr'><strong>in</strong></span> <span class='ocrx_word' id='word_1_446' title='bbox 819 4566 1165 4638; x_wconf 78' lang='lat' dir='ltr'><strong>praesente</strong></span> <span class='ocrx_word' id='word_1_447' title='bbox 1218 4552 1774 4616; x_wconf 83' lang='lat' dir='ltr'><strong>Amastrianorum</strong></span> <span class='ocrx_word' id='word_1_448' title='bbox 1892 4548 2382 4636; x_wconf 85' lang='lat' dir='ltr'><strong>puello&#39;Annio</strong></span> <span class='ocrx_word' id='word_1_449' title='bbox 2414 4550 2593 4616; x_wconf 81' lang='lat' dir='ltr'><strong>Vero</strong></span> <span class='ocrx_word' id='word_1_450' title='bbox 2621 4548 2823 4612; x_wconf 84' lang='lat' dir='ltr'><strong>tribui</strong></span> <span class='ocrx_word' id='word_1_451' title='bbox 2867 4569 3104 4654; x_wconf 82' lang='lat' dir='ltr'><strong>numus</strong></span> <span class='ocrx_word' id='word_1_452' title='bbox 3152 4547 3380 4633; x_wconf 87' lang='lat' dir='ltr'><strong>possit.</strong></span> 
     </span>
    </p>
   </div>
   <div class='ocr_carea' id='block_1_12' title="bbox 417 4765 1757 4848">
    <p class='ocr_par' dir='ltr' id='par_1_17' title="bbox 417 4765 1757 4848">
     <span class='ocr_line' id='line_1_79' title="bbox 417 4765 1757 4848; baseline 0.008 -25"><span class='ocrx_word' id='word_1_453' title='bbox 417 4770 470 4841; x_wconf 76' lang='grc' dir='ltr'><strong>ι)</strong></span> <span class='ocrx_word' id='word_1_454' title='bbox 505 4768 633 4828; x_wconf 74' lang='lat' dir='ltr'><strong>Mel.</strong></span> <span class='ocrx_word' id='word_1_455' title='bbox 672 4769 745 4829; x_wconf 93' lang='lat'><strong>11.</strong></span> <span class='ocrx_word' id='word_1_456' title='bbox 777 4790 837 4848; x_wconf 73' lang='lat' dir='ltr'><strong>p.</strong></span> <span class='ocrx_word' id='word_1_457' title='bbox 867 4771 954 4835; x_wconf 75' lang='lat'><strong>86.</strong></span> <span class='ocrx_word' id='word_1_458' title='bbox 989 4778 1079 4834; x_wconf 80' lang='lat'><strong>87.</strong></span> <span class='ocrx_word' id='word_1_459' title='bbox 1222 4765 1293 4840; x_wconf 85' lang='lat' dir='ltr'><strong>b)</strong></span> <span class='ocrx_word' id='word_1_460' title='bbox 1333 4766 1468 4828; x_wconf 80' lang='lat' dir='ltr'><strong>Mel.</strong></span> <span class='ocrx_word' id='word_1_461' title='bbox 1501 4767 1548 4825; x_wconf 90' lang='lat'><strong>1.</strong></span> <span class='ocrx_word' id='word_1_462' title='bbox 1573 4785 1632 4843; x_wconf 82' lang='lat' dir='ltr'><strong>P·</strong></span> <span class='ocrx_word' id='word_1_463' title='bbox 1669 4780 1757 4837; x_wconf 73' lang='lat'><strong>7?-</strong></span> 
     </span>
    </p>
   </div>
   <div class='ocr_carea' id='block_1_13' title="bbox 4404 1751 4408 2403">
    <p class='ocr_par' dir='ltr' id='par_1_18' title="bbox 4404 1751 4408 2403">
     <span class='ocr_line' id='line_1_80' title="bbox 4404 1751 4408 2403; baseline 0 0"><span class='ocrx_word' id='word_1_464' title='bbox 4404 1751 4408 2403; x_wconf 95' lang='lat' dir='ltr'><strong> </strong></span> 
     </span>
    </p>
   </div>
   <div class='ocr_carea' id='block_1_14' title="bbox 4404 1751 4408 2951">
    <p class='ocr_par' dir='ltr' id='par_1_19' title="bbox 4404 1751 4408 2951">
     <span class='ocr_line' id='line_1_81' title="bbox 4404 1751 4408 2951; baseline 0 0"><span class='ocrx_word' id='word_1_465' title='bbox 4404 1751 4408 2951; x_wconf 95' lang='lat' dir='ltr'><strong> </strong></span> 
     </span>
    </p>
   </div>
   <div class='ocr_carea' id='block_1_15' title="bbox 4402 3102 4410 5252">
    <p class='ocr_par' dir='ltr' id='par_1_20' title="bbox 4402 3102 4410 5252">
     <span class='ocr_line' id='line_1_82' title="bbox 4402 3102 4410 5252; baseline 0 0"><span class='ocrx_word' id='word_1_466' title='bbox 4402 3102 4410 5252; x_wconf 95' lang='lat' dir='ltr'><strong> </strong></span> 
     </span>
    </p>
   </div>
  </div>
 </body>
</html>
