4475 5584
1043 534 1139 604 ω.
1451 613 1465 621 .
1632 444 1643 465 ⁸
1763 510 1860 585 M.
1963 505 2579 582 AVREmvs
2693 468 3430 580 ANTONIN'VS.

1047 699 1112 764 ei
1180 695 1503 782 principio
1576 694 1702 758 fuit
1746 694 1974 757 'Annis‘
2027 696 2213 768 Veri,
2288 690 2406 755 sed
2463 689 2544 752 ab

1047 797 1420 875 Hadriano,
1476 796 1545 860 in
1597 797 1783 881 cujus
1837 796 2092 880 gremio
2134 807 2320 876 patre
2373 811 2547 853 mor·

1050 915 1164 964 tuo
1216 898 1530 967 educatus
1584 896 2008 979 suin-dictus
2047 899 2300 959 Annius
2343 896 2550 954 Veris·

1048 1008 1284 1078 simus,
1328 1001 1594 1065 nomine
1661 1001 1790 1065 hoc
1845 999 2054 1061 altero
2102 996 2296 1060 etiam
2335 992 2549 1055 numis

1055 1104 1327 1170 Graecis
1421 1099 1843 1178 confirmato,
1922 1098 2099 1183 quod
2165 1093 2550 1159 docebimus

1057 1205 1227 1269 infra
1260 1205 1326 1267 in
1369 1203 1518 1288 ejus
1563 1203 1817 1278 titulis,
1860 1200 2290 1282 donatusque.
2316 1216 2549 1259 sexen-

1049 1308 1147 1369 nis
1170 1324 1339 1390 equo
1369 1304 1659 1389 publicu,
1705 1316 1774 1366 et
1811 1301 2108 1366 octennis
2123 1302 2189 1363 in
2218 1298 2543 1361 Saliorum

1051 1407 1428 1492 conlegium
1472 1394 1721 1468 relatus
1755 1405 1836 1486 ⁸).
1900 1406 2091 1467 Anno
2143 1400 2370 1464 aetatis
2401 1399 2547 1465 XV.

1047 1522 1303 1593 sumpta
1343 1506 1522 1572 virili
1557 1519 1711 1590 toga
1759 1505 2034 1569 subinde
2080 1522 2205 1589 per
2238 1501 2550 1587 improvi-

1045 1631 1181 1672 sam
1217 1608 1392 1671 Aelii
1413 1609 1708 1672 Caesaris
1744 1620 2027 1670 mortem
2061 1624 2357 1668 summae
2404 1601 2547 1687 spei

1047 1709 1388 1774 admoveri
1412 1710 1667 1796 coepit.
1732 1709 1997 1772 Etenim
2025 1709 2109 1776 V.
2140 1707 2215 1772 C.
2255 1705 2372 1783 891
2415 1707 2546 1764 An·

1048 1811 1315 1875 toninus
1405 1811 1562 1875 Pius
1637 1810 1717 1876 ab
1775 1809 2110 1875 Hadriano
2201 1805 2545 1903 adoptatus

1051 1913 1271 1996 jussus
1302 1911 1445 1997 ipse
1476 1913 1601 1976 fuit
1638 1911 1951 1997 adoptare
1981 1911 2265 1974 Annium
2289 1908 2539 1973 Verum

1048 2030 1389 2090 nostrum,
1452 2027 1521 2077 ct
1583 2015 1667 2080 L.
1714 2013 2056 2077 Ceionium
2107 2007 2540 2075 Commodum
2591 2034 2610 2051 ·

1042 2116 1221 2179 Aelii
1274 2117 1463 2180 Caes.
1508 2113 1756 2193 filium,
1817 2116 2028 2178 serius
2056 2115 2423 2197 Augustum
2462 2110 2541 2172 D.

1042 2218 1206 2284 'Veri
1261 2217 1550 2283 nomine.
1616 2215 1750 2309 Qui
1798 2235 1837 2280 e
1884 2214 2223 2281 veteribus
2290 2211 2543 2285 dixere,

1047 2318 1394 2384 Ceionium
1452 2317 1889 2384 Commodum
1946 2340 1985 2382 a
2048 2319 2315 2390 Marco,
2407 2331 2544 2374 non

1047 2420 1388 2484 Antonino
1426 2418 1547 2486 Pio
1597 2420 1805 2484 fuisse
1834 2420 2213 2503 adoptatum
2241 2459 2260 2490 ‚
2300 2414 2546 2477 fallun-

1042 2537 1189 2597 tur,
1233 2534 1308 2585 ut
1359 2520 1618 2586 dicetur
1666 2524 1737 2585 in
1782 2525 1862 2585 1..
1903 2524 2105 2593 Vero.
2177 2515 2545 2598 Adoptatus

1044 2642 1169 2708 pro
1223 2622 1439 2711 annio
1489 2623 1701 2689 dictus
1748 2638 1852 2689 est
1904 2625 2252 2695 Aurelius,
2314 2631 2382 2681 et
2427 2634 2543 2689 ,se-

1042 2723 1332 2821 cundum
1364 2724 1621 2808 insigne
1650 2746 1949 2790 ‚marmor
1983 2720 2448 2786 Gruterianum
2476 2713 2539 2795 b)

1045 2830 1229 2915 ejus,
1276 2844 1622 2915 antequam
1668 2826 2019 2912 imperium
2046 2818 2277 2899 adiret,
2323 2821 2541 2885 omnia

1047 2932 1316 2996 nomina
1365 2931 1594 2995 fueret
1679 2934 1770 2994 M.
1818 2933 2048 2993 Aelius
2080 2927 2390 2990 Aurelius
2431 2926 2546 2986 Ve-

1050 3058 1161 3098 rus
1212 3038 1465 3097 Caesar.
1522 3034 1625 3094 De
1671 3051 1879 3105 anno,
1926 3050 2058 3113 quo
2108 3041 2390 3111 uterque
2442 3036 2545 3086 est

1044 3136 1385 3220 adoptatus
1414 3178 1431 3209 ,
1474 3133 1736 3214 litigant
1784 3130 2047 3194 eruditi.
2124 3129 2391 3192 Diserte
2427 3127 2544 3189 Ca·

1046 3236 1359 3321 pitolinus
1433 3233 1503 3296 id
1545 3233 1788 3296 factum
1846 3231 2045 3294 tradit
2089 3227 2157 3294 in
2223 3232 2542 3297 Antonini

1043 3337 1391 3403 consulatu
1434 3337 1552 3413 11...
1615 3348 1684 3397 et
1738 3354 1888 3398 cum
1939 3333 2251 3398 Aurelius
2300 3355 2542 3397 annum

1043 3440 1290 3503 xvm.
1349 3448 1579 3521 ageret
1626 3436 1721 3513 θ),
1754 3453 1966 3520 ‘quem
2040 3449 2260 3499 tamen
2316 3435 2580 3523 locum-

1046 3537 1467 3601 Casaubonus
1489 3538 1558 3598 in
1597 3536 1935 3601 codicibus
1956 3536 2196 3600 misere
2228 3535 2540 3621 deprava·

1042 3653 1184 3729 tum
1211 3635 1582 3722 profitetur.
1628 3638 1759 3700 Alii
1794 3638 1969 3700 istud
2000 3637 2244 3702 factum
2265 3649 2538 3701 censent

1046 3741 1198 3803 vivo
1230 3737 1602 3816 Hadriano,
1649 3753 1718 3804 et
1767 3761 1936 3804 anno
1967 3742 2050 3809 V.
2101 3743 2174 3809 C.
2233 3744 2355 3829 891
2383 3788 2406 3820 ‚
2452 3742 2537 3806 de

1046 3860 1178 3925 qno
1220 3841 1376 3923 lege
1421 3838 1860 3925 disputantem
1906 3842 2403 3908 'tillemontium
2445 3842 2535 3923 ἃ),

1041 3955 1114 4003 et
1158 3940 1227 4003 in
1283 3939 1415 4004 hoc
1457 3942 1756 4005 examine
1811 3943 2249 4007 abundantem
2304 3942 2539 4007 Camil-

1049 4043 1185 4105 lum
1227 4043 1618 4108 silvestrum
1664 4043 1747 4121 ο).
1818 4043 2155 4140 Quidquid
2183 4046 2348 4122 erit,
2394 4045 2538 4130 ejus

1042 4156 1230 4206 certe
1270 4143 1451 4207 numi
1499 4155 1649 4206 ante
1696 4164 1934 4208 annum
1985 4149 2067 4215 V.
2114 4148 2192 4212 C.
2225 4149 2351 4230 89²
2404 4168 2539 4211 non

1047 4258 1423 4339 occurrunt.
1470 4245 1748 4309 Praeter
1764 4248 2076 4311 collatum
2098 4253 2390 4315 Caesaris
2419 4270 2541 4314 no-

1046 4365 1202 4417 men
1255 4347 1465 4431 gratia
1502 4348 1737 4429 aetatis
1783 4348 1958 4413 faeta
2004 4347 2382 4436 designatus
2436 4364 2539 4416 est

1048 4460 1358 4534 quaestor
1398 4444 1472 4531 ί).

1148 4662 1222 4758 ἀ)
1259 4684 1578 4765 Capitolia.
1619 4704 1668 4745 c.
1705 4701 1751 4748 ¹.
1787 4701 1845 4747 et
1872 4696 1926 4752 4.

1049 4776 1232 4834 Pium.

2094 4689 2172 4755 b)
2210 4692 2344 4766 Pag.
2375 4692 2581 4756 300.‘1.

1379 4780 1441 4850 e)
1480 4777 1760 4838 Raccolta
1797 4777 1863 4837 di
1900 4778 2187 4858 Calogera
2217 4783 2285 4838 T.
2325 4780 2424 4842 111.
2463 4782 2523 4838 P.
2557 4793 2644 4848 23.

2990 693 3066 753 V.
3114 693 3177 752 C.
3221 697 3366 754 892.
3431 692 3501 751 1².
3549 692 3632 753 X.
3683 697 3823 754 139.

2714 794 3075 856 CAESAR.
3135 794 3622 869 QVAESTOR.
3685 792 3864 854 COS.
3910 791 4108 855 DES.

2825 1042 2832 1051 .
2949 993 3417 1060 AVRELIVS.
3463 994 3713 1058 CAES.
3767 990 3969 1058 Ave.
4014 995 4155 1056 1²11.

2946 1094 3025 1155 F.
3072 1095 3261 1159 COS.
3306 1094 3501 1158 DES.
3550 1099 3753 1177 Caput
3784 1096 4042 1158 nudum.

2663 1196 3200 1264 ANTOMNVS.
3235 1198 3437 1263 AvG.
3471 1196 3692 1263 PIVS.
3731 1197 3806 1258 P.
3836 1197 3908 1258 P.
3957 1199 4166 1276 Caput

2661 1302 2981 1361 Antonini
3010 1303 3390 1376 laureatum,
3425 1302 3534 1363 vel
3551 1302 3812 1363 nudum.
3854 1288 3997 1361 AB.
4017 1297 4161 1364 ΔΕ.

2663 1402 2747 1465 11.
2801 1403 3001 1481 (Mus.
3048 1401 3266 1482 Caes.)

2788 1503 3040 1564 Numos
3074 1501 3196 1563 hos
3241 1502 3530 1585 signatos
3575 1502 3738 1565 esse'
3781 1519 3951 1564 anno
3995 1500 4155 1577 hoe,

2663 1614 2731 1665 et
2771 1624 2903 1664 non
2952 1602 3425 1684 praecedente,
3491 1603 3808 1688 probatur
3855 1621 3988 1664 non
4021 1616 4160 1664 tam

2661 1723 2745 1767 ex
2790 1701 3012 1765 addito
3041 1702 3235 1768 COS.
3278 1705 3470 1768 DES.
3505 1708 3797 1790 (poterat
3829 1704 4004 1767 enim
4042 1702 4163 1767 de·

2662 1792 2908 1890 signari
2950 1808 3181 1869 consul
3230 1808 3296 1869 in
3327 1824 3569 1870 annum
3606 1807 3886 1892 aliquem
3936 1825 4160 1869 remo·

2659 1909 2948 1982 tim-em,
3021 1920 3090 1970 et
3156 1927 3290 1970 non
3369 1908 3669 1992 proxime
3741 1907 4159 1989 continuum)

2659 2031 2852 2094 quam
2896 2028 2980 2072 ex
3034 2010 3352 2072 Antonini
3417 2009 3610 2074 titulo
3658 2013 3732 2074 P.
3776 2012 3892 2087 P.,
3954 2029 4159 2095 quem

2659 2111 2787 2175 hos
2833 2108 3099 2173 demum
3150 2132 3362 2189 anno,
3423 2130 3641 2198 neque
3694 2123 3883 2174 antea
3939 2112 4021 2174 ab
4069 2130 4158 2174 eo

2661 2213 3038 2296 adoptatum
3075 2229 3158 2274 ex
3193 2214 3409 2277 numis
3438 2214 3785 2299 probabile
3815 2210 3910 2279 fit.

3009 2419 3083 2479 γ.
3133 2421 3193 2479 e.
3236 2372 3498 2482 soar.
3548 2423 3634 2484 x.
3681 2428 3821 2487 tao.

3092 2520 3454 2583 CAESAR.
3500 2525 3675 2587 cos.

2737 2687 3164 2752 Consulatum
3209 2688 3327 2751 init
3347 2708 3496 2753 cum
3529 2690 3859 2755 Antonino
3882 2662 4014 2754 cos.
4031 2691 4152 2751 111.

2941 2873 3407 2939 AVRELIVS.
3496 2874 3858 2938 CAESAR.
3947 2876 4151 2943 AVG.

2943 2975 3082 3037 PII.
3126 2974 3199 3035 F.
3248 2962 3439 3039 COS.
3491 2979 3692 3056 Caput
3718 2982 3978 3041 nudum.

2655 3072 3189 3142 ANTONINVS.
3219 3074 3415 3141 AVG.
3450 3077 3769 3141 PIVS.P.
3802 3080 3879 3142 P.
3902 3080 4036 3142 ΤΒ.
4073 3079 4152 3140 P.
4185 3076 4194 3083 ’

2658 3177 2849 3242 COS.
2884 3178 2996 3240 111.
3048 3179 3248 3254 Caput
3279 3178 3637 3243 laur-eblum
3670 3182 3808 3248 AV.
3842 3181 3978 3243 An.
4008 3181 4151 3245 ΑΕ.

2656 3282 2706 3341 1.
2751 3281 2837 3343 11.
2895 3282 3095 3347 Numi
3129 3280 3326 3344 obvii.

3372 3435 3412 3474 G

2677 3574 2686 3581 ·
2937 3542 3186 3601 Eadem
3205 3477 3522 3601 ¹:niver-sa.

2647 3639 2983 3710 BONOS.
3054 3637 3171 3704 Vir
3201 3650 3459 3720 toqatus
3492 3650 3671 3702 stam
3703 3644 4048 3716 drumm,
4085 3663 4137 3704 s.

2651 3746 3091 3823 cornucopiam
3121 3738 3261 3808 AV.
3279 3736 3418 3805 AR.
3449 3741 3584 3803 ΔΕ.
3612 3743 3660 3802 1.
3700 3744 3901 3821 (Mus.
3924 3744 4142 3820 Caes.)

3536 3480 3577 3519 ὓ

2741 3902 2750 3907 .
2776 3843 3179 3909 HONORIS
3223 3856 3416 3927 caput
3442 3842 3736 3927 jugatum
3757 3864 3907 3908 cum
3931 3844 4148 3927 capite

2656 3934 3073 4013 VIRTVTIS
3135 3943 3528 4007 observatur
3586 3943 3654 4005 in
3711 3944 3927 4007 numis
3986 3962 4147 4028 gen·

2651 4045 2814 4109 tium
2848 4046 2902 4106 F
2906 4044 3096 4123 ufiae,
3133 4059 3201 4109 et
3233 4044 3911 4130 Muciam-utrumque
3946 4046 4146 4109 etiam

2645 4166 2893 4212 numen
2925 4147 3320 4234 proponitur
3353 4159 3529 4210 stans
3557 4146 3627 4207 in
3655 4166 3886 4217 aversa
3916 4167 4146 4210 numo·

2646 4272 2799 4315 rum
2836 4249 3105 4313 Galbae.
3165 4249 3270 4312 De
3318 4248 3566 4332 templo
3600 4249 3859 4335 utrique
3894 4251 4141 4313 Romae

2652 4363 2877 4416 erecto
2907 4349 3059 4418 vide
3099 4350 3360 4414 Livium
3395 4359 3481 4431 8).
3563 4352 3895 4421 vffl'rvs
3943 4351 4142 4413 ctiam

2649 4453 2820 4518 infra
2905 4465 3237 4517 occurret.
3334 4453 3682 4518 Praeclara
3757 4468 4142 4538 argumenta

3483 4690 3554 4765 d)
3593 4689 3743 4750 Nota
3776 4640 3963 4752 lead
3995 4693 4136 4751 Ant.

3521 4784 3590 4858 g)
3624 4780 3688 4840 L.
3718 4782 3948 4844 XXVII
3975 4803 4025 4843 c.
4043 4796 4137 4852 2⁵.

2763 4693 2824 4764 c)
2866 4689 2930 4748 in
2956 4687 3156 4748 Aurel.
3190 4710 3240 4751 c.
3268 4702 3326 4754 55

2793 4781 2849 4854 s)
2891 4779 3204 4858 capitolin.
3236 4799 3285 4839 c.
3322 4791 3375 4847 5.
