4475 5584
1016 445 1158 510 180

1006 609 1453 691 vlc‘rOmA.
1551 603 2021 669 PARTHICA.
2127 607 2500 670 MAXIMA.

1012 715 1302 776 Victoria
1334 712 1661 792 yradiens.
1709 707 1854 775 AV.
1898 707 2097 785 (Mus.
2135 708 2353 791 Caes.)

1135 816 1387 877 Numus
1421 809 1811 895 perelegans
1833 852 1879 885 ,-
1916 822 1983 872 et
2014 825 2291 894 propter
2331 812 2506 875 inso-

996 920 1256 979 ·lentem
1291 914 1605 975 hacteuus
1633 911 1885 975 amicae
1918 913 2323 997 epigraphen
2359 934 2505 998 spe-

1008 1016 1288 1083 ctabilis.
1337 1016 1641 1098 Signatus
1686 1025 1791 1075 est
1826 1012 1993 1093 hoc,
2039 1029 2148 1078 aut
2184 1030 2502 1099 sequente

900 1098 915 1111 ⁶
1005 1138 1211 1189 annot
1257 1139 1391 1181 non
1434 1116 1615 1201 prius
1656 1130 1933 1201 propter
1980 1117 2382 1179 mentionem
2425 1119 2503 1181 ti-

998 1220 1127 1283 tuli
1163 1221 1313 1294 PII,
1359 1238 1491 1280 non
1539 1219 1788 1294 serius,
1834 1220 1985 1303 quia
2033 1218 2347 1303 deinceps
2395 1237 2499 1281 re-

999 1344 1151 1388 rum
1196 1319 1650 1384 Parthicarum
1706 1320 1955 1384 mentio
2005 1319 2075 1382 in
2124 1320 2339 1383 numis
2384 1339 2497 1383 ne-

1007 1423 1223 1506 glecta
1257 1436 1377 1486 est.

986 1658 995 1665 ·
1353 1630 1431 1689 V.
1480 1628 1541 1687 C.
1584 1634 1729 1691 955.
1774 1628 1845 1688 Ρ.
1892 1630 1974 1689 Χ.
2018 1634 2166 1691 202.

1002 1735 1130 1796 Ta.
1185 1734 1257 1792 P.
1289 1732 1373 1791 X.
1424 1730 1599 1790 COS.
1633 1729 1757 1789 ΙΙΙ.
1803 1731 1877 1790 Ρ.
1917 1732 2005 1791 M.
2044 1732 2114 1789 P.
2146 1731 2217 1792 Ρ.
2266 1731 2495 1793 PJVS.

948 1878 957 1890 ι
1038 1836 1282 1897 Severo
1312 1833 1489 1911 Any.
1510 1871 1542 1935 ,Ι
1576 1831 1665 1890 Μ.
1701 1833 1918 1892 Aurel.
1964 1834 2293 1896 Antonino
2322 1852 2455 1896 cos.

1614 1940 1625 1975 l

1131 2033 1558 2101 Consulatum
1574 2032 1689 2092 111.
1733 2051 1885 2096 cum
1920 2034 2254 2098 Caracalla
2295 2034 2363 2097 in
2383 2035 2498 2117 Sy-

996 2142 1098 2205 ria
1141 2139 1262 2202 init
1297 2137 1377 2218 ⁸).
1436 2134 1781 2208 Arabiam,
1842 2135 2314 2210 Palaestinam,
2371 2137 2499 2200 Ae-

999 2257 1276 2329 gyptum
1311 2238 1483 2313 adit,
1544 2237 1977 2321 omnibusque
2013 2235 2105 2298 ibi
2141 2237 2496 2320 perlustra-

994 2348 1082 2409 tis
1129 2345 1412 2405 Romam
1463 2338 1853 2414 revertitur,
1916 2351 2069 2402 vota
2111 2337 2496 2402 decennalia

996 2444 1230 2520 solvit,
1314 2439 1716 2524 suscipitque
1758 2439 2019 2516 altera,
2092 2440 2495 2503 caracallam

995 2568 1149 2611 cum
1186 2543 1495 2607 Plautilla
1535 2541 1948 2604 matrimonio
1979 2541 2194 2623 jungit
2222 2537 2313 2622 ¹³).

1124 2649 1534 2732 Magnopere
1562 2623 1954 2705 dissentiunt
1974 2642 2236 2719 eruditi,
2273 2655 2493 2705 utrum

992 2753 1288 2815 Severus
1319 2747 1450 2809 hoe
1484 2766 1654 2807 anno
1676 2789 1711 2831 ,A
1757 2756 1973 2806 utrum
2011 2758 2328 2828 sequente
2363 2747 2493 2808 Ro-

978 2874 1166 2917 ·mam
1211 2849 1422 2912 redux
1476 2867 1564 2909 ex
1619 2846 1896 2911 Oriente
1948 2844 2324 2921 advenerit,
2387 2863 2492 2908 ea·

988 2976 1119 3042 que
1160 2951 1376 3016 omnia
1399 2993 1415 3023 ,
1473 2968 1643 3033 quae
1681 2946 1851 3023 dixi,
1912 2946 2273 3031 peregerit.
2314 2945 2493 3015 Vtri-

991 3075 1202 3141 usque
1249 3051 1612 3116 sententiae
1655 3048 1914 3133 patroni
1965 3069 2199 3111 numos
2228 3067 2491 3133 ,suppe-

970 3161 1116 3222 ·tias
1135 3169 1366 3221 vocant
1388 3151 1735 3236 inscriptos
1757 3171 1776 3229 3
1823 3151 2205 3218 ADVEN'I‘.
2226 3153 2487 3219 AVGG.

984 3254 1315 3331 et'VO'I'.
1361 3256 1596 3323 SVSC.
1644 3253 1881 3327 DEC.‚
1958 3252 2076 3313 sed
2120 3252 2486 3329 incassum;

993 3383 1143 3424 nam
1180 3358 1330 3422 trib.
1369 3368 1658 3440 potestas
1685 3353 1768 3418 X.
1796 3397 1812 3429 ‚
1880 3372 2072 3436 quam
2107 3354 2489 3439 inscriptam

990 3463 1066 3525 hi
1099 3459 1281 3523 numi
1301 3450 1647 3534 exhibent,
1678 3454 2042 3518 secundum
2056 3473 2291 3517 eorum
2321 3455 2491 3540 ipso-

992 3584 1141 3625 rum
1186 3558 1575 3625 seutentiam
1619 3559 1786 3642 parti
1822 3557 2154 3641 sequentis
2196 3557 2349 3619 anui
2385 3576 2494 3622 co-

988 3664 1261 3740 incidit,
1319 3675 1390 3724 et
1428 3662 1619 3748 quod
1660 3659 1992 3745 sequitur,
2051 3671 2312 3743 tempus
2351 3678 2495 3723 cer-

987 3780 1126 3830 tum
1167 3766 1313 3829 erui
1358 3784 1440 3827 ex
1462 3764 1596 3825 illis
1629 3762 1877 3847 ne'quit.
1944 3762 2149 3824 Enim
2172 3783 2339 3827 vero
2377 3762 2492 3824 xi-

988 3866 1279 3951 philinus
1344 3886 1424 3927 ex
1474 3864 1690 3929 Dione
1746 3864 2005 3948 nuptias
2073 3865 2488 3942 Caracallae‚

982 3983 1056 4033 et
1108 3968 1481 4053 spectacula
1542 3986 1694 4030 cum
1757 3978 2037 4051 propter
2094 3967 2489 4031 decennium

988 4070 1432 4155 principatus,
1503 4083 1642 4133 tum
1699 4083 1975 4154 propter
2031 4070 2318 4133 reditum
2362 4072 2492 4133 Au-

990 4187 1335 4257 gustorum
1388 4171 1624 4236 eodem
1663 4183 1962 4254 tempore
2001 4173 2346 4258 celebrata·
2381 4190 2487 4234 re-

983 4270 1418 4363 fert-quidem
1441 4318 1458 4350 ,
1506 4273 1626 4337 sed
1666 4293 1904 4335 annum
1936 4272 2175 4337 reticet
2204 4274 2292 4356 ο).
2349 4274 2482 4335 ΤΗ-

1056 4627 1123 4699 a)
1160 4594 1358 4701 Spart.
1403 4642 1452 4682 c.
1489 4634 1572 4698 17.
1652 4591 1656 4595 ι

988 4717 1053 4776 iu
1089 4716 1327 4777 Severo.

1876 4619 1946 4693 h)
1982 4619 2100 4679 nio
2139 4620 2202 4677 L.
2242 4619 2507 4679 Lxxvt
2550 4634 2605 4681 ι.

1790 421 1875 492 L.
1982 420 2639 496 SEPTIMIVS
2743 362 3306 497 SEVERVS,

2616 606 2970 668 lemontius
3018 626 3186 670 anno
3221 619 3538 691 sequente
3569 609 3846 679 Romam
3883 634 4111 685 rever·

2619 729 2762 771 sum
2827 706 3083 782 statuit,
3145 708 3453 792 quoniam
3504 707 3632 773 hoc
3679 712 3893 781 adhuc
3934 740 4106 787 anuo

2618 810 2685 870 in
2725 807 2909 890 Syria
2954 805 3110 883 fuit,
3170 808 3347 893 quod
3385 824 3639 873 certum
3678 829 3780 879 est
3813 836 3897 882 ex
3937 821 4103 888 inito

2619 911 2686 971 in
2729 911 2848 975 hac
2889 909 3267 986 consulatu,
3315 925 3453 974 tum
3485 913 3681 997 fquod
3724 916 3858 982 hoc
3916 943 4109 1006 praee

2605 1026 3010 1075 terea-anno
3058 1011 3403 1089 Arabiam,
3461 1016 3933 1099 Palaestinam,
3976 1023 4108 1090 Ae·

2619 1128 2884 1200 gyptum
2907 1157 2925 1190 ,
2973 1112 3382 1176 Thebaidem
3420 1115 3620 1180 rebus
3666 1119 3967 1187 omnibus
3997 1140 4109 1191 >at-

2610 1229 2790 1278 tente
2829 1215 3140 1296 inspectis
3196 1231 3580 1303 peragratas
3626 1232 3757 1297 est,
3819 1222 4104 1312 denique

2610 1337 2742 1378 non
2772 1317 3009 1380 itinere
3053 1320 3419 1396 maritimo,
3463 1320 3580 1384 sed
3615 1326 3919 1389 terrestri
3976 1349 4102 1413 per

2601 1418 3086 1501 Cappadociam
3107 1467 3123 1496 ‚
3152 1421 3524 1502 Bithyniam
3548 1467 3566 1498 ,
3604 1423 3938 1506 Illyricum
3963 1431 4103 1495 Ro·

2608 1539 2777 1581 mam
2828 1519 3104 1598 redivit,
3167 1542 3331 1607 quae
3362 1523 3632 1607 quidem
3685 1529 3901 1593 omnia
3948 1532 4102 1616 plus

2611 1640 2825 1684 annuo
2869 1621 3079 1705 spatio
3124 1624 3397 1707 exigunt
3427 1622 3513 1705 d).
3572 1629 3659 1688 At
3705 1644 4107 1697 veroterre·

2613 1736 2748 1785 stre
2777 1720 2944 1783 illud
2974 1721 3133 1798 iter,
3181 1725 3357 1808 quod
3388 1728 3489 1792 vir
3532 1727 3830 1793 eruditus
3871 1752 3954 1795 ex
3988 1734 4108 1798 du*

2612 1823 2724 1887 bio
2752 1824 2985 1885 Dionis
3028 1824 3227 1900 loco,
3258 1840 3451 1912 atque
3485 1832 3696 1897 altero
3715 1835 4102 1913 Herodiani,

2522 1912 2540 1933 ⁸
2612 1926 3066 1989 manifestiore
3117 1927 3415 2012 quidem,
3451 1933 3598 1994 *sed
3645 1955 3841 2019 quem
3887 1936 4105 2003 minus

2610 2041 2755 2091 tuto
2787 2029 3183 2091 in‹omnibus
3205 2051 3517 2112 sequare,
3554 2036 3767 2110 eruit,
3810 2039 4104 2104 nondum

2613 2128 2767 2192 satis
2800 2144 3053 2195 certum
3076 2174 3093 2208 ,
3139 2130 3294 2216 quin
3326 2133 3529 2198 fuisse
3565 2127 3957 2203 maritimum
3988 2164 4108 2226 po·

2591 2234 2741 2298 -tius
2763 2275 2780 2306 ,
2826 2231 3162 2297 luculente
3180 2236 3491 2300 evincunt
3514 2239 3696 2301 humi
3731 2242 4106 2310 Caracallae

2588 2334 2948 2417 inscripti:
3005 2336 3504 2406 ADVENTVS.
3555 2340 3856 2422 AVGG„
3940 2367 4107 2431 quos

2585 2438 3030 2501 ’recitabimus
3066 2439 3135 2500 in
3167 2439 3500 2503 Caracalla
3537 2441 3620 2504 ad
3649 2443 3886 2507 annum
3917 2468 4110 2531 prae·

2589 2554 2900 2603 -sentem.·
2958 2540 3255 2625 Cumque
3308 2556 3651 2625 praeterea
3698 2544 3780 2607 de
3824 2545 4109 2613 incredi-

2595 2641 2728 2704 bili
2782 2640 3015 2705 Severi
3053 2640 3125 2702 iu
3169 2640 3490 2707 faciendis
3533 2645 3874 2710 itineribus
3922 2652 4112 2716 νειο-

2607 2743 2803 2808 citate
2857 2756 3152 2818 constet,
3225 2743 3423 2807 facile
3480 2744 3629 2809 fieri
3670 2763 3963 2832 poterat,
4030 2770 4110 2820 ut

2591 2857 2756 2928 post
2791 2840 3122 2907 Kalendas
3152 2846 3284 2905 lan.
3327 2845 3478 2909 anni
3513 2852 3917 2931 praesentis«,
3962 2856 4108 2941 qui·

2604 2945 2727 3037 bu's
2763 2946 3173 3010 consulatum
3207 2947 3315 3007 111.
3355 2945 3422 3007 in
3454 2947 3640 3028 Syria
3697 2951 3921 3032 inivit,
3973 2960 4110 3021 Pa·

2603 3047 2948 3111 laaefinam
3022 3060 3090 3109 et
3142 3049 3516 3132 Aegyptum
3583 3049 3937 3135 inviseret,
4036 3074 4109 3124 et

2607 3163 2891 3213 exeunte
2927 3150 3528 3213 autumneinurbe
3565 3151 3858 3230 adesset,
3906 3170 4105 3245 atque

2604 3251 2734 3317 hoc
2768 3251 2979 3314 adhuc
3008 3270 3178 3314 anno
3206 3252 3464 3335 nuptias
3500 3250 3657 3331 filii,
3703 3256 3957 3343 aliaque
3984 3280 4104 3326 so·

2603 3354 2824 3416 lennia
2871 3365 3121 3436 ageret.
3182 3352 3418 3415 Paucis
3447 3369 3517 3417 ut
3551 3358 4105 3441 remabselvam‚

2592 3474 2755 3519 -cum
2799 3454 3166 3518 tribunatus
3215 3455 3295 3517 X.
3352 3456 3625 3536 Severi,
3667 3473 3738 3527 et
3781 3462 3862 3529 V.
3909 3464 4105 3528 Cara-

2608 3557 2855 3633 callae,
2931 3557 3044 3640 qui
3092 3554 3197 3617 his
3237 3555 3624 3633 Adventus,
3682 3562 4101 3646 Nuptiarum,

2606 3669 2678 3720 et
2732 3660 3058 3726 Votorum
3107 3657 3323 3721 numis
3380 3657 3684 3744 inscripti
3728 3677 3913 3742 sunt,
3986 3684 4102 3730 ne-

2601 3780 2927 3846 quaquam
2949 3760 3030 3822 -in
3066 3774 3452 3846 sequentem
3493 3778 3565 3823 se
3600 3782 3842 3827 annum
3882 3765 4099 3851 porris·

2606 3875 2798 3946 gant,
2866 3875 2939 3925 ut
2980 3860 3363 3927 docebimus
3394 3864 3464 3925 in
3503 3879 3788 3932 tractatu
3819 3868 3902 3931 de
3943 3867 4095 3931 trib.

2603 3978 2980 4049 potestate„
3009 3978 3264 4028 certum
3302 3968 3495 4030 etiam
3536 3967 3829 4048 iude-fit,
3876 3982 3944 4034 et
3977 3970 4101 4033 Se·
4135 3972 4144 3977 ’

2602 4088 2836 4131 verum
2893 4066 3022 4130 hoc
3082 4066 3297 4131 adhuc
3358 4090 3569 4147 anno,
3644 4085 3711 4133 et
3763 4071 3833 4132 in
3893 4069 4101 4134 tribu-

2597 4185 2756 4232 natu
2801 4168 2885 4235 X.
2948 4169 3319 4254 ingressum
3375 4164 3581 4235 fuisse
3638 4174 3955 4249 Romam,
4027 4182 4101 4234 et

2596 4270 2982 4336 caracallae
3008 4271 3268 4356 nuptias
3304 4271 3700 4338 celebrasse.

2901 4623 2961 4692 c)
3002 4619 3064 4676 L.
3107 4578 3322 4679 xivl.
3366 4634 3421 4681 ι.
3714 4619 3786 4694 d>
3824 4580 3975 4683 Nola
4004 4628 4095 4684 24.
