4475 5584
3161 427 3172 440 ο
3269 481 3404 548 151

1422 460 1491 536 D
1510 460 1547 534 1
1565 461 1631 535 D
1651 462 1688 534 l
1705 459 1776 536 Α·
1874 459 1934 536 C
1956 463 2020 537 L
2039 463 2105 536 A
2123 461 2185 540 R
2202 463 2290 540 A.

1599 795 1729 859 1³11
1745 799 1807 859 Ε
1829 799 1935 860 TI
1953 799 2117 864 VM.

723 996 1061 1084 Cofflgztae's
1090 994 1367 1057 Romam*
1374 1011 1397 1055 s

866 1174 873 1182 ἱ
915 1094 1123 1158 Aurei
1154 1135 2663 1162 ...............
2743 1098 3013 1160 RRRR.

917 1193 1239 1278 Argentei
1361 1238 2668 1264 ..............
2748 1198 2959 1262 RBE.

840 1302 845 1306 ’
919 1296 1132 1360 Aenei
1167 1297 1216 1358 1.
1260 1293 1523 1358 *formae
1578 1337 1598 1357 .
1899 1318 2665 1364 .........
2750 1301 2959 1364 BRR.

923 1396 1135 1460 Aenei
1167 1398 1246 1458 Π.
1291 1394 1546 1461 formae
1576 1439 2659 1465 ...........
2704 1430 2710 1437 ·
2743 1402 3010 1463 RRRR.

916 1496 1128 1561 Aenei
1170 1499 1279 1559 111.
1326 1496 1581 1562 formae
1689 1539 2671 1594 ...........
2752 1504 2904 1567 BR.

724 1601 1063 1662 Commatis
1095 1601 1426 1681 γεωργίαι·
1455 1640 1478 1662 .
1574 1640 2668 1670 ...........
2755 1597 2841 1666 Ο.

1471 1899 1799 1964 DIDIA
1879 1903 2249 1969 CLAJtA.

435 2118 631 2186 Didii
676 2114 909 2183 Iuliani
944 2114 1109 2197 Aug.
1144 2127 1209 2177 et
1243 2112 1593 2177 Scantillae
1646 2112 1805 2192 filia,

313 2223 395 2288 de
449 2245 590 2308 qua
663 2213 980 2307 quidquid
1038 2214 1395 2277 memoriae
1449 2214 1806 2300 prodidere

312 2336 619 2401 veteres,
683 2342 877 2404 supra
912 2339 1039 2380 una
1078 2337 1226 2380 cum
1261 2328 1469 2379 matre
1518 2316 1808 2400 comple·

310 2443 432 2485 xus
482 2443 650 2484 sum.
707 2423 871 2484 Eam
916 2432 1105 2504 pater
1149 2416 1452 2502 denupsit
1495 2408 1819 2481 Cornelio’

308 2524 725 2608 RepentinO,
760 2542 990 2606 „quem
1050 2521 1119 2581 in
1173 2520 1395 2583 locum
1445 2517 1803 2602 Sulpiciani

310 2626 726 2711 praefectum
785 2624 936 2687 urbi
997 2621 1155 2685 fecit
1206 2623 1284 2703 ¹¹).
1365 2624 1572 2687 Caeso
1617 2638 1802 2707 patre

312 2749 469 2790 mox
532 2726 636 2789 illi
681 2726 1015 2811 Augustae
1075 2744 1318 2787 nomen
1359 2725 1484 2789 fuit
1542 2723 1806 2811 ademp-

312 2844 451 2893 tum
487 2828 577 2912 ¹³).

1047 2928 1087 2966 sn

603 2969 1251 3122 mmafcnanaff
1301 3028 1503 3101 Ave.
1593 3036 1808 3115 Hujus

526 3181 535 3188 ,
607 3144 816 3214 caput.

316 3238 616 3301 HILAR·
667 3231 1064 3298 TEMPOR.
1130 3237 1362 3298 filulier
1386 3247 1566 3297 Stans
1595 3240 1652 3297 d.
1668 3240 1812 3312 pal.

316 3361 459 3403 mae
493 3358 772 3412 ramum,
813 3359 864 3398 s.
904 3339 1344 3414 cornucopiae.
1389 3335 1531 3401 AV.
1553 3330 1811 3417 (vain.)

313 3443 455 3504 AR.
496 3439 725 3518 AELJ,
771 3441 969 3518 (Mus.
1007 3436 1229 3517 Caes.)
1271 3438 1409 3499 ΑΕ.
1445 3439 1525 3499 11.
1563 3437 1813 3522 (Theu-

320 3544 569 3707 POhIgst
627 3642 791 3706 haec
834 3655 1154 3726 perpetua
1207 3661 1434 3709 aversa
1479 3641 1548 3706 in
1592 3640 1806 3706 numis

322 3745 592 3831 dempto
629 3757 982 3830 sequentet

604 3952 852 4013 Eadem
880 3951 1173 4012 adversa.

319 4051 657 4115 PtETAS.
700 4052 904 4119 AVG.
978 4052 1216 4114 Mulier
1264 4061 1445 4113 stam
1498 4053 1595 4113 ad
1627 4070 1809 4112 aram

323 4158 664 4237 sacrificat.
707 4156 850 4216 AR.

449 4257 732 4318 Numum
777 4251 1145 4316 Gessnerus
1216 4252 1371 4317 citat
1436 4270 1520 4315 ex
1579 4272 1809 4314 museo

324 4355 525 4433 Pfau,
573 4355 758 4438 cujus
791 4354 958 4419 adeo
977 4354 1330 4422 auctoritas
1357 4354 1670 4422 rarissimi
1692 4353 1809 4417 hu·

330 4460 434 4540 jus
484 4457 730 4524 cimelii
770 4455 916 4518 aliis
959 4456 1169 4542 ignoti
1200 4455 1397 4519 fidem
1417 4468 1693 4518 tueatur.

436 4752 497 4820 a)
536 4742 831 4823 spartian.
872 4760 923 4800 c.
957 4752 1012 4806 3.

1158 4741 1231 4816 b)
1272 4737 1501 4799 Ibidem
1539 4758 1669 4817 cap.
1709 4749 1762 4808 8,
1892 4831 1903 4842 .

2174 2119 2378 2184 Numa·
2414 2118 2746 2182 commatis
2777 2120 3106 2202 pereqn'm‘
3123 2141 3144 2182 .·

2046 2319 2330 2387 Vnicum
2360 2318 2553 2406 hujus
2570 2322 2832 2408 generis
2857 2287 3276 2406 ‘descriptum
3307 2341 3411 2387 re·
3507 2317 3516 2324 ’

1917 2441 2251 2586 PamdHA.
2292 2518 2636 2590 KAAPA.
2683 2521 2870 2591 CGB.
2932 2530 3148 2606 Hujus
3191 2538 3405 2608 caput.

1919 2621 2300 2698 KOINON.
2328 2622 2800 2690 ΚΤΠΡΙΩΝ.
2853 2632 3172 2709 Templum
3215 2633 3413 2694 Veno-

1921 2732 2017 2790 roe's
2050 2730 2355 2807 Paphiae.
2400 2727 2541 2791 ΑΕ.
2578 2731 2629 2791 1.
2677 2730 2876 2808 (Mus.
2903 2719 3324 2810 Christiane.)

2045 2826 2308 2890 Eximie
2369 2830 2705 2892 cimelium
2773 2830 2949 2892 istud
2992 2827 3410 2913 depraedicat

1848 3001 1855 3008 ἢ
1919 2928 2412 3013 flavet-campus
2474 2929 2544 2991 in
2600 2929 2859 3011 adjecto
2913 2931 3408 3007 commentaria,

1918 3052 2135 3117 neque
2165 3032 2508 3117 indignum
2548 3030 2848 3096 videatur
2878 3030 2983 3093 his
3015 3032 3408 3116 praeconiis,

1928 3133 1983 3194 si
2024 3134 2220 3195 modo
2259 3132 2634 3218 genuinum.
2697 3133 2781 3195 At
2811 3152 2973 3197 vero
3012 3153 3093 3196 an
3125 3133 3279 3197 satis
3300 3153 3411 3197 ex·

1925 3235 2180 3320 plorata
2225 3234 2368 3317 ejus
2419 3231 2812 3319 antiquitas?
2873 3234 3009 3297 lam
3056 3233 3230 3298 enim
3279 3235 3416 3319 pri·

1927 3358 2102 3398 mum
2140 3349 2347 3398 terret
2382 3337 2696 3420 scriptum
2726 3330 2929 3396 ΔΗΔ.
2958 3355 3079 3420 pro
3104 3331 3278 3398 ΔΙΔ.
3301 3337 3414 3401 vel

1927 3432 2156 3498 ΔΕΙΔ.
2177 3436 2521 3500 manifesto
2536 3437 2847 3502 adversus
2876 3437 3416 3524 orthographiam

1922 3553 2216 3623 peccato.
2262 3538 2521 3602 Deinde
2559 3538 2687 3602 nisi
2734 3561 2887 3604 mox
2919 3540 3141 3605 audito
3177 3540 3411 3605 Iuliani

1918 3640 2290 3724 principatu
2333 3639 2399 3700 in
2445 3642 2835 3725 Cypriorum
2879 3640 3143 3705 officina
3179 3651 3417 3727 prope·

1920 3755 2100 3803 ratus
2136 3754 2232 3803 est
2276 3740 2386 3803 hic
2413 3762 2687 3818 numus,
2730 3763 2865 3805 non
2890 3743 3120 3816 video,
3167 3744 3414 3827 signari

1920 3842 2109 3905 illum
2137 3842 2203 3903 in
2235 3860 2312 3904 ea
2353 3841 2564 3904 insula
2607 3845 2921 3927 petuisse.
2967 3843 3139 3906 Sane
3183 3845 3408 3928 paullo

1920 3957 2071 4029 post
2111 3966 2146 4005 a
2192 3943 2446 4004 iuliano
2494 3942 2770 4007 descivit
2807 3943 3210 4008 Pescennius
3251 3947 3416 4010 vici·

1919 4065 2043 4107 nae
2104 4044 2329 4125 Syriae
2392 4057 2528 4106 tum
2586 4042 2998 4128 praefectus,
3077 4058 3273 4128 atque
3329 4046 3409 4109 ab

1920 4146 2051 4209 hoc
2122 4159 2420 4228 tempore
2495 4166 2577 4208 an
2629 4144 2987 4208 verisimile
3048 4145 3412 4208 dedicatam

1923 4247 2152 4310 Clarae
2176 4229 2846 4328 aCypriishonetam
2878 4244 3111 4308 Iuliani
3149 4248 3410 4310 aemulo

1923 4367 2136 4432 prope
2184 4347 2625 4423 consistente,
2683 4359 2752 4409 et
2785 4346 3147 4411 vicinorum
3193 4347 3411 4413 adfec-

1926 4462 2032 4514 tus
2067 4462 2312 4528 attente
2351 4447 2784 4532 explorante?
