<?xml version="1.0" encoding="UTF-8"?>
<!DOCTYPE html PUBLIC "-//W3C//DTD XHTML 1.0 Transitional//EN"
    "http://www.w3.org/TR/xhtml1/DTD/xhtml1-transitional.dtd">
<html xmlns="http://www.w3.org/1999/xhtml" xml:lang="en" lang="en">
 <head>
  <title>
</title>
<meta http-equiv="Content-Type" content="text/html;charset=utf-8" />
  <meta name='ocr-system' content='tesseract 3.04.00' />
  <meta name='ocr-capabilities' content='ocr_page ocr_carea ocr_par ocr_line ocrx_word'/>
</head>
<body>
  <div class='ocr_page' id='page_1' title='image "./doctrinanumorum09unkngoog_0018.png"; bbox 0 0 4475 5584; ppageno 0'>
   <div class='ocr_carea' id='block_1_1' title="bbox 1073 497 3162 584">
    <p class='ocr_par' dir='ltr' id='par_1_1' title="bbox 1073 497 3162 584">
     <span class='ocr_line' id='line_1_1' title="bbox 1073 497 3162 584; baseline 0.003 -15"><span class='ocrx_word' id='word_1_1' title='bbox 1073 505 1123 584; x_wconf 83' lang='lat'><strong>6</strong></span> <span class='ocrx_word' id='word_1_2' title='bbox 2047 497 2758 574; x_wconf 87' lang='lat' dir='ltr'><strong>ANTONINVS</strong></span> <span class='ocrx_word' id='word_1_3' title='bbox 2858 500 3162 575; x_wconf 89' lang='lat' dir='ltr'><strong>PIVS.</strong></span> 
     </span>
    </p>
   </div>
   <div class='ocr_carea' id='block_1_2' title="bbox 988 681 2565 1880">
    <p class='ocr_par' dir='ltr' id='par_1_2' title="bbox 988 681 2565 1880">
     <span class='ocr_line' id='line_1_2' title="bbox 1072 681 2561 779; baseline -0.002 -30"><span class='ocrx_word' id='word_1_4' title='bbox 1072 698 1349 771; x_wconf 88' lang='lat' dir='ltr'><strong>argento</strong></span> <span class='ocrx_word' id='word_1_5' title='bbox 1398 683 1687 747; x_wconf 89' lang='lat' dir='ltr'><strong>nondum</strong></span> <span class='ocrx_word' id='word_1_6' title='bbox 1732 682 2082 747; x_wconf 83' lang='lat' dir='ltr'><strong>observati.</strong></span> <span class='ocrx_word' id='word_1_7' title='bbox 2144 681 2370 779; x_wconf 79' lang='lat' dir='ltr'><strong>Quare</strong></span> <span class='ocrx_word' id='word_1_8' title='bbox 2410 704 2561 748; x_wconf 86' lang='lat' dir='ltr'><strong>cnm</strong></span> 
     </span>
     <span class='ocr_line' id='line_1_3' title="bbox 1070 782 2565 861; baseline -0.003 -11"><span class='ocrx_word' id='word_1_9' title='bbox 1070 801 1203 850; x_wconf 89' lang='lat' dir='ltr'><strong>tam</strong></span> <span class='ocrx_word' id='word_1_10' title='bbox 1255 799 1655 851; x_wconf 78' lang='lat' dir='ltr'><strong>constantem</strong></span> <span class='ocrx_word' id='word_1_11' title='bbox 1681 829 1699 861; x_wconf 89' lang='lat'><strong>,</strong></span> <span class='ocrx_word' id='word_1_12' title='bbox 1760 799 1828 848; x_wconf 92' lang='lat' dir='ltr'><strong>et</strong></span> <span class='ocrx_word' id='word_1_13' title='bbox 1871 782 2206 846; x_wconf 84' lang='lat' dir='ltr'><strong>definitum</strong></span> <span class='ocrx_word' id='word_1_14' title='bbox 2236 786 2305 846; x_wconf 87' lang='lat' dir='ltr'><strong>in</strong></span> <span class='ocrx_word' id='word_1_15' title='bbox 2340 785 2421 847; x_wconf 88' lang='lat' dir='ltr'><strong>iis</strong></span> <span class='ocrx_word' id='word_1_16' title='bbox 2466 784 2565 849; x_wconf 80' lang='lat' dir='ltr'><strong>vi-</strong></span> 
     </span>
     <span class='ocr_line' id='line_1_4' title="bbox 1071 884 2561 970; baseline -0.001 -20"><span class='ocrx_word' id='word_1_17' title='bbox 1071 888 1340 950; x_wconf 88' lang='lat' dir='ltr'><strong>deamus</strong></span> <span class='ocrx_word' id='word_1_18' title='bbox 1386 884 1689 962; x_wconf 85' lang='lat' dir='ltr'><strong>modum,</strong></span> <span class='ocrx_word' id='word_1_19' title='bbox 1759 900 1831 950; x_wconf 89' lang='lat' dir='ltr'><strong>ut</strong></span> <span class='ocrx_word' id='word_1_20' title='bbox 1891 906 2121 963; x_wconf 76' lang='lat' dir='ltr'><strong>eorum</strong></span> <span class='ocrx_word' id='word_1_21' title='bbox 2171 899 2353 948; x_wconf 87' lang='lat' dir='ltr'><strong>recta</strong></span> <span class='ocrx_word' id='word_1_22' title='bbox 2406 905 2561 970; x_wconf 84' lang='lat' dir='ltr'><strong>pro-</strong></span> 
     </span>
     <span class='ocr_line' id='line_1_5' title="bbox 1071 986 2560 1073; baseline -0.003 -22"><span class='ocrx_word' id='word_1_23' title='bbox 1071 988 1262 1051; x_wconf 89' lang='lat' dir='ltr'><strong>cedat</strong></span> <span class='ocrx_word' id='word_1_24' title='bbox 1324 988 1673 1073; x_wconf 82' lang='lat' dir='ltr'><strong>explicatio</strong></span> <span class='ocrx_word' id='word_1_25' title='bbox 1694 1031 1712 1064; x_wconf 92' lang='lat'><strong>,</strong></span> <span class='ocrx_word' id='word_1_26' title='bbox 1762 1006 2169 1070; x_wconf 79' lang='lat' dir='ltr'><strong>nequaquam</strong></span> <span class='ocrx_word' id='word_1_27' title='bbox 2225 986 2560 1070; x_wconf 86' lang='lat' dir='ltr'><strong>inquiren-</strong></span> 
     </span>
     <span class='ocr_line' id='line_1_6' title="bbox 1070 1088 2558 1175; baseline 0.001 -24"><span class='ocrx_word' id='word_1_28' title='bbox 1070 1089 1154 1152; x_wconf 92' lang='lat' dir='ltr'><strong>da</strong></span> <span class='ocrx_word' id='word_1_29' title='bbox 1180 1089 1348 1152; x_wconf 86' lang='lat' dir='ltr'><strong>ratio</strong></span> <span class='ocrx_word' id='word_1_30' title='bbox 1370 1133 1387 1164; x_wconf 89' lang='lat'><strong>,</strong></span> <span class='ocrx_word' id='word_1_31' title='bbox 1435 1110 1600 1174; x_wconf 86' lang='lat' dir='ltr'><strong>quae</strong></span> <span class='ocrx_word' id='word_1_32' title='bbox 1629 1089 1711 1152; x_wconf 88' lang='lat' dir='ltr'><strong>ad</strong></span> <span class='ocrx_word' id='word_1_33' title='bbox 1746 1088 2034 1171; x_wconf 88' lang='lat' dir='ltr'><strong>singulas</strong></span> <span class='ocrx_word' id='word_1_34' title='bbox 2072 1091 2351 1153; x_wconf 79' lang='lat' dir='ltr'>seorsim</span> <span class='ocrx_word' id='word_1_35' title='bbox 2400 1111 2558 1175; x_wconf 85' lang='lat' dir='ltr'><strong>pro-</strong></span> 
     </span>
     <span class='ocr_line' id='line_1_7' title="bbox 1065 1188 2560 1274; baseline -0.001 -19"><span class='ocrx_word' id='word_1_36' title='bbox 1065 1190 1353 1266; x_wconf 79' lang='lat' dir='ltr'><strong>vincias,</strong></span> <span class='ocrx_word' id='word_1_37' title='bbox 1392 1190 1510 1251; x_wconf 88' lang='lat' dir='ltr'><strong>sed</strong></span> <span class='ocrx_word' id='word_1_38' title='bbox 1545 1209 1711 1274; x_wconf 88' lang='lat' dir='ltr'><strong>quae</strong></span> <span class='ocrx_word' id='word_1_39' title='bbox 1754 1188 1834 1251; x_wconf 88' lang='lat' dir='ltr'><strong>ad</strong></span> <span class='ocrx_word' id='word_1_40' title='bbox 1882 1210 2112 1253; x_wconf 88' lang='lat' dir='ltr'><strong>omnes</strong></span> <span class='ocrx_word' id='word_1_41' title='bbox 2156 1192 2351 1254; x_wconf 89' lang='lat' dir='ltr'><strong>simul</strong></span> <span class='ocrx_word' id='word_1_42' title='bbox 2384 1212 2560 1254; x_wconf 88' lang='lat' dir='ltr'><strong>sum·</strong></span> 
     </span>
     <span class='ocr_line' id='line_1_8' title="bbox 1063 1280 2555 1385; baseline 0.001 -32"><span class='ocrx_word' id='word_1_43' title='bbox 1063 1302 1208 1373; x_wconf 85' lang='lat' dir='ltr'><strong>ptas</strong></span> <span class='ocrx_word' id='word_1_44' title='bbox 1251 1292 1601 1375; x_wconf 83' lang='lat' dir='ltr'><strong>pertineat.</strong></span> <span class='ocrx_word' id='word_1_45' title='bbox 1668 1280 1817 1385; x_wconf 72' lang='lat' dir='ltr'><strong>Quo</strong></span> <span class='ocrx_word' id='word_1_46' title='bbox 1853 1290 1922 1352; x_wconf 92' lang='lat' dir='ltr'><strong>in</strong></span> <span class='ocrx_word' id='word_1_47' title='bbox 1975 1293 2273 1355; x_wconf 87' lang='lat' dir='ltr'><strong>examine</strong></span> <span class='ocrx_word' id='word_1_48' title='bbox 2325 1313 2555 1377; x_wconf 81' lang='lat' dir='ltr'><strong>parum</strong></span> 
     </span>
     <span class='ocr_line' id='line_1_9' title="bbox 1063 1389 2556 1479; baseline -0.001 -25"><span class='ocrx_word' id='word_1_49' title='bbox 1063 1393 1332 1477; x_wconf 79' lang='lat' dir='ltr'><strong>reperio</strong></span> <span class='ocrx_word' id='word_1_50' title='bbox 1351 1389 1562 1454; x_wconf 87' lang='lat' dir='ltr'><strong>solida</strong></span> <span class='ocrx_word' id='word_1_51' title='bbox 1589 1392 2100 1476; x_wconf 75' lang='lat' dir='ltr'><strong>antiquariorum</strong></span> <span class='ocrx_word' id='word_1_52' title='bbox 2114 1392 2357 1478; x_wconf 84' lang='lat' dir='ltr'><strong>judicia</strong></span> <span class='ocrx_word' id='word_1_53' title='bbox 2379 1439 2397 1471; x_wconf 90' lang='lat'><strong>,</strong></span> <span class='ocrx_word' id='word_1_54' title='bbox 2442 1390 2556 1479; x_wconf 90' lang='lat' dir='ltr'><strong>qui</strong></span> 
     </span>
     <span class='ocr_line' id='line_1_10' title="bbox 1063 1491 2551 1571; baseline 0.002 -18"><span class='ocrx_word' id='word_1_55' title='bbox 1063 1492 1380 1557; x_wconf 89' lang='lat' dir='ltr'><strong>hactenus</strong></span> <span class='ocrx_word' id='word_1_56' title='bbox 1406 1492 1474 1554; x_wconf 88' lang='lat' dir='ltr'><strong>in</strong></span> <span class='ocrx_word' id='word_1_57' title='bbox 1504 1491 1628 1553; x_wconf 85' lang='lat' dir='ltr'><strong>hos</strong></span> <span class='ocrx_word' id='word_1_58' title='bbox 1657 1513 1891 1555; x_wconf 89' lang='lat' dir='ltr'><strong>numos</strong></span> <span class='ocrx_word' id='word_1_59' title='bbox 1934 1496 2354 1557; x_wconf 86' lang='lat' dir='ltr'><strong>commentati</strong></span> <span class='ocrx_word' id='word_1_60' title='bbox 2381 1509 2551 1571; x_wconf 88' lang='lat' dir='ltr'><strong>sunt,</strong></span> 
     </span>
     <span class='ocr_line' id='line_1_11' title="bbox 1064 1591 2557 1676; baseline -0.001 -19"><span class='ocrx_word' id='word_1_61' title='bbox 1064 1593 1224 1659; x_wconf 89' lang='lat' dir='ltr'><strong>dum</strong></span> <span class='ocrx_word' id='word_1_62' title='bbox 1266 1594 1397 1656; x_wconf 41' lang='lat' dir='ltr'><strong>*alii</strong></span> <span class='ocrx_word' id='word_1_63' title='bbox 1449 1591 1533 1656; x_wconf 90' lang='lat' dir='ltr'><strong>ad</strong></span> <span class='ocrx_word' id='word_1_64' title='bbox 1582 1592 2007 1676; x_wconf 87' lang='lat' dir='ltr'><strong>explicandos</strong></span> <span class='ocrx_word' id='word_1_65' title='bbox 2057 1614 2173 1657; x_wconf 87' lang='lat' dir='ltr'><strong>cos</strong></span> <span class='ocrx_word' id='word_1_66' title='bbox 2234 1595 2557 1658; x_wconf 82' lang='lat' dir='ltr'><strong>advocant</strong></span> 
     </span>
     <span class='ocr_line' id='line_1_12' title="bbox 988 1694 2556 1779; baseline -0.001 -19"><span class='ocrx_word' id='word_1_67' title='bbox 988 1724 997 1733; x_wconf 90' lang='lat'><strong>·</strong></span> <span class='ocrx_word' id='word_1_68' title='bbox 1058 1695 1510 1761; x_wconf 84' lang='lat' dir='ltr'><strong>testimonium</strong></span> <span class='ocrx_word' id='word_1_69' title='bbox 1559 1694 1911 1777; x_wconf 81' lang='lat' dir='ltr'><strong>Capitolini</strong></span> <span class='ocrx_word' id='word_1_70' title='bbox 1948 1696 2313 1779; x_wconf 77' lang='lat' dir='ltr'><strong>generatim</strong></span> <span class='ocrx_word' id='word_1_71' title='bbox 2362 1694 2556 1759; x_wconf 80' lang='lat' dir='ltr'><strong>adfir-</strong></span> 
     </span>
     <span class='ocr_line' id='line_1_13' title="bbox 1061 1795 2553 1880; baseline -0.001 -21"><span class='ocrx_word' id='word_1_72' title='bbox 1061 1798 1337 1872; x_wconf 90' lang='lat' dir='ltr'><strong>mantis,</strong></span> <span class='ocrx_word' id='word_1_73' title='bbox 1431 1796 1794 1880; x_wconf 89' lang='lat' dir='ltr'><strong>imperante</strong></span> <span class='ocrx_word' id='word_1_74' title='bbox 1871 1795 2202 1859; x_wconf 84' lang='lat' dir='ltr'><strong>Antonino</strong></span> <span class='ocrx_word' id='word_1_75' title='bbox 2289 1810 2553 1860; x_wconf 89' lang='lat' dir='ltr'><strong>cunctas</strong></span> 
     </span>
    </p>
   </div>
   <div class='ocr_carea' id='block_1_3' title="bbox 1054 1897 2570 1982">
    <p class='ocr_par' dir='ltr' id='par_1_3' title="bbox 1054 1897 2570 1982">
     <span class='ocr_line' id='line_1_14' title="bbox 1054 1897 2570 1982; baseline 0 -22"><span class='ocrx_word' id='word_1_76' title='bbox 1054 1901 1431 1979; x_wconf 70' lang='lat' dir='ltr'><strong>provincias</strong></span> <span class='ocrx_word' id='word_1_77' title='bbox 1451 1900 1782 1978; x_wconf 71' lang='lat' dir='ltr'><strong>floruisse,</strong></span> <span class='ocrx_word' id='word_1_78' title='bbox 1827 1897 2102 1980; x_wconf 81' lang='lat' dir='ltr'><strong>perinde</strong></span> <span class='ocrx_word' id='word_1_79' title='bbox 2139 1898 2322 1982; x_wconf 87' lang='lat' dir='ltr'><strong>quasi</strong></span> <span class='ocrx_word' id='word_1_80' title='bbox 2354 1898 2570 1960; x_wconf 59' lang='lat' dir='ltr'><strong>Anto-¹</strong></span> 
     </span>
    </p>
   </div>
   <div class='ocr_carea' id='block_1_4' title="bbox 1038 1996 2557 4208">
    <p class='ocr_par' dir='ltr' id='par_1_4' title="bbox 1046 1996 2557 3897">
     <span class='ocr_line' id='line_1_15' title="bbox 1061 1996 2557 2082; baseline -0.001 -22"><span class='ocrx_word' id='word_1_81' title='bbox 1061 1997 1255 2061; x_wconf 89' lang='lat' dir='ltr'><strong>ninus</strong></span> <span class='ocrx_word' id='word_1_82' title='bbox 1303 1999 1370 2059; x_wconf 89' lang='lat' dir='ltr'><strong>in</strong></span> <span class='ocrx_word' id='word_1_83' title='bbox 1418 1998 1566 2081; x_wconf 88' lang='lat' dir='ltr'><strong>ipso</strong></span> <span class='ocrx_word' id='word_1_84' title='bbox 1612 1997 1875 2082; x_wconf 87' lang='lat' dir='ltr'><strong>imperii</strong></span> <span class='ocrx_word' id='word_1_85' title='bbox 1923 1996 2100 2060; x_wconf 88' lang='lat' dir='ltr'><strong>aditu</strong></span> <span class='ocrx_word' id='word_1_86' title='bbox 2145 1997 2278 2081; x_wconf 88' lang='lat' dir='ltr'><strong>jam</strong></span> <span class='ocrx_word' id='word_1_87' title='bbox 2309 1997 2557 2061; x_wconf 86' lang='lat' dir='ltr'><strong>stabili-</strong></span> 
     </span>
     <span class='ocr_line' id='line_1_16' title="bbox 1059 2098 2556 2181; baseline 0 -19"><span class='ocrx_word' id='word_1_88' title='bbox 1059 2100 1237 2162; x_wconf 77' lang='lat' dir='ltr'><strong>verit</strong></span> <span class='ocrx_word' id='word_1_89' title='bbox 1316 2098 1703 2162; x_wconf 78' lang='lat' dir='ltr'><strong>felicitatem</strong></span> <span class='ocrx_word' id='word_1_90' title='bbox 1780 2098 2266 2181; x_wconf 79' lang='lat' dir='ltr'><strong>provinciarum</strong></span> <span class='ocrx_word' id='word_1_91' title='bbox 2287 2144 2305 2177; x_wconf 91' lang='lat'><strong>,</strong></span> <span class='ocrx_word' id='word_1_92' title='bbox 2382 2119 2556 2162; x_wconf 89' lang='lat' dir='ltr'><strong>eam-</strong></span> 
     </span>
     <span class='ocr_line' id='line_1_17' title="bbox 1061 2188 2557 2286; baseline 0.002 -25"><span class='ocrx_word' id='word_1_93' title='bbox 1061 2220 1195 2285; x_wconf 88' lang='lat' dir='ltr'><strong>que</strong></span> <span class='ocrx_word' id='word_1_94' title='bbox 1246 2200 1371 2262; x_wconf 85' lang='lat' dir='ltr'><strong>hae</strong></span> <span class='ocrx_word' id='word_1_95' title='bbox 1413 2220 1535 2285; x_wconf 86' lang='lat' dir='ltr'><strong>per</strong></span> <span class='ocrx_word' id='word_1_96' title='bbox 1580 2188 1982 2263; x_wconf 62' lang='lat' dir='ltr'><strong>monetario}</strong></span> <span class='ocrx_word' id='word_1_97' title='bbox 2027 2201 2360 2264; x_wconf 81' lang='lat' dir='ltr'><strong>Romanos</strong></span> <span class='ocrx_word' id='word_1_98' title='bbox 2402 2222 2557 2286; x_wconf 90' lang='lat' dir='ltr'><strong>pro·</strong></span> 
     </span>
     <span class='ocr_line' id='line_1_18' title="bbox 1058 2295 2553 2384; baseline -0.001 -20"><span class='ocrx_word' id='word_1_99' title='bbox 1058 2295 1276 2381; x_wconf 71' lang='lat' dir='ltr'><strong>fessae</strong></span> <span class='ocrx_word' id='word_1_100' title='bbox 1337 2301 1502 2379; x_wconf 88' lang='lat' dir='ltr'><strong>siut,</strong></span> <span class='ocrx_word' id='word_1_101' title='bbox 1568 2313 1638 2363; x_wconf 84' lang='lat' dir='ltr'><strong>et</strong></span> <span class='ocrx_word' id='word_1_102' title='bbox 1666 2318 1670 2323; x_wconf 84' lang='lat'>&#39;</span> <span class='ocrx_word' id='word_1_103' title='bbox 1697 2299 2049 2384; x_wconf 75' lang='lat' dir='ltr'><strong>Capitolini</strong></span> <span class='ocrx_word' id='word_1_104' title='bbox 2108 2299 2378 2364; x_wconf 77' lang='lat' dir='ltr'><strong>effatum</strong></span> <span class='ocrx_word' id='word_1_105' title='bbox 2419 2323 2553 2365; x_wconf 88' lang='lat' dir='ltr'><strong>non</strong></span> 
     </span>
     <span class='ocr_line' id='line_1_19' title="bbox 1061 2399 2552 2486; baseline 0.001 -21"><span class='ocrx_word' id='word_1_106' title='bbox 1061 2422 1261 2465; x_wconf 89' lang='lat' dir='ltr'><strong>omne</strong></span> <span class='ocrx_word' id='word_1_107' title='bbox 1311 2401 1453 2484; x_wconf 88' lang='lat' dir='ltr'><strong>ejus</strong></span> <span class='ocrx_word' id='word_1_108' title='bbox 1497 2399 1759 2484; x_wconf 87' lang='lat' dir='ltr'><strong>imperii</strong></span> <span class='ocrx_word' id='word_1_109' title='bbox 1800 2408 2101 2486; x_wconf 74' lang='lat' dir='ltr'><strong>tempus,</strong></span> <span class='ocrx_word' id='word_1_110' title='bbox 2148 2402 2265 2463; x_wconf 88' lang='lat' dir='ltr'><strong>sed</strong></span> <span class='ocrx_word' id='word_1_111' title='bbox 2315 2424 2552 2466; x_wconf 89' lang='lat' dir='ltr'><strong>annum</strong></span> 
     </span>
     <span class='ocr_line' id='line_1_20' title="bbox 1060 2500 2552 2598; baseline 0 -33"><span class='ocrx_word' id='word_1_112' title='bbox 1060 2503 1323 2566; x_wconf 85' lang='lat' dir='ltr'><strong>nonnisi</strong></span> <span class='ocrx_word' id='word_1_113' title='bbox 1363 2500 1649 2587; x_wconf 89' lang='lat' dir='ltr'><strong>primum</strong></span> <span class='ocrx_word' id='word_1_114' title='bbox 1699 2500 2088 2584; x_wconf 77' lang='lat' dir='ltr'><strong>respiceret.</strong></span> <span class='ocrx_word' id='word_1_115' title='bbox 2148 2500 2327 2598; x_wconf 80' lang='lat' dir='ltr'><strong>Quid</strong></span> <span class='ocrx_word' id='word_1_116' title='bbox 2376 2502 2552 2587; x_wconf 79' lang='lat' dir='ltr'><strong>quod</strong></span> 
     </span>
     <span class='ocr_line' id='line_1_21' title="bbox 1054 2600 2549 2691; baseline -0.003 -21"><span class='ocrx_word' id='word_1_117' title='bbox 1054 2608 1187 2670; x_wconf 85' lang='lat' dir='ltr'><strong>hoc</strong></span> <span class='ocrx_word' id='word_1_118' title='bbox 1219 2618 1412 2691; x_wconf 87' lang='lat' dir='ltr'><strong>pacto</strong></span> <span class='ocrx_word' id='word_1_119' title='bbox 1435 2620 1709 2665; x_wconf 87' lang='lat' dir='ltr'><strong>necesse</strong></span> <span class='ocrx_word' id='word_1_120' title='bbox 1745 2603 1871 2665; x_wconf 86' lang='lat' dir='ltr'><strong>erit</strong></span> <span class='ocrx_word' id='word_1_121' title='bbox 1908 2600 2133 2665; x_wconf 82' lang='lat' dir='ltr'><strong>dicere</strong></span> <span class='ocrx_word' id='word_1_122' title='bbox 2154 2648 2172 2681; x_wconf 92' lang='lat'><strong>,</strong></span> <span class='ocrx_word' id='word_1_123' title='bbox 2217 2602 2549 2679; x_wconf 77' lang='lat' dir='ltr'><strong>Parthiam</strong></span> 
     </span>
     <span class='ocr_line' id='line_1_22' title="bbox 1055 2703 2552 2794; baseline -0.003 -23"><span class='ocrx_word' id='word_1_124' title='bbox 1055 2726 1355 2794; x_wconf 90' lang='lat' dir='ltr'><strong>quoque,</strong></span> <span class='ocrx_word' id='word_1_125' title='bbox 1400 2725 1475 2768; x_wconf 92' lang='lat' dir='ltr'><strong>ac</strong></span> <span class='ocrx_word' id='word_1_126' title='bbox 1526 2704 1859 2786; x_wconf 78' lang='lat' dir='ltr'><strong>Scythiam</strong></span> <span class='ocrx_word' id='word_1_127' title='bbox 1895 2704 1964 2765; x_wconf 90' lang='lat' dir='ltr'><strong>in</strong></span> <span class='ocrx_word' id='word_1_128' title='bbox 2012 2703 2114 2767; x_wconf 89' lang='lat' dir='ltr'><strong>his</strong></span> <span class='ocrx_word' id='word_1_129' title='bbox 2159 2704 2375 2768; x_wconf 90' lang='lat' dir='ltr'><strong>numis</strong></span> <span class='ocrx_word' id='word_1_130' title='bbox 2416 2723 2552 2766; x_wconf 84' lang='lat' dir='ltr'><strong>me·</strong></span> 
     </span>
     <span class='ocr_line' id='line_1_23' title="bbox 1054 2803 2551 2890; baseline -0.002 -18"><span class='ocrx_word' id='word_1_131' title='bbox 1054 2822 1341 2879; x_wconf 82' lang='lat' dir='ltr'><strong>moratas</strong></span> <span class='ocrx_word' id='word_1_132' title='bbox 1401 2829 1439 2869; x_wconf 89' lang='lat' dir='ltr'><strong>a</strong></span> <span class='ocrx_word' id='word_1_133' title='bbox 1500 2803 1880 2869; x_wconf 68' lang='lat' dir='ltr'><strong>monetariis</strong></span> <span class='ocrx_word' id='word_1_134' title='bbox 1930 2805 2152 2868; x_wconf 87' lang='lat' dir='ltr'><strong>beatas</strong></span> <span class='ocrx_word' id='word_1_135' title='bbox 2213 2804 2551 2890; x_wconf 90' lang='lat' dir='ltr'><strong>praedica-</strong></span> 
     </span>
     <span class='ocr_line' id='line_1_24' title="bbox 1051 2904 2546 2992; baseline -0.003 -18"><span class='ocrx_word' id='word_1_136' title='bbox 1051 2912 1147 2988; x_wconf 88' lang='lat' dir='ltr'><strong>ri,</strong></span> <span class='ocrx_word' id='word_1_137' title='bbox 1194 2923 1261 2973; x_wconf 85' lang='lat' dir='ltr'><strong>et</strong></span> <span class='ocrx_word' id='word_1_138' title='bbox 1304 2907 1613 2970; x_wconf 84' lang='lat' dir='ltr'><strong>Antonini</strong></span> <span class='ocrx_word' id='word_1_139' title='bbox 1658 2904 1962 2990; x_wconf 72' lang='lat' dir='ltr'><strong>auspiciis</strong></span> <span class='ocrx_word' id='word_1_140' title='bbox 1999 2904 2341 2984; x_wconf 87' lang='lat' dir='ltr'><strong>floruisse,</strong></span> <span class='ocrx_word' id='word_1_141' title='bbox 2387 2928 2546 2992; x_wconf 86' lang='lat' dir='ltr'><strong>quas</strong></span> 
     </span>
     <span class='ocr_line' id='line_1_25' title="bbox 1049 3005 2547 3077; baseline -0.003 -2"><span class='ocrx_word' id='word_1_142' title='bbox 1049 3027 1271 3077; x_wconf 88' lang='lat' dir='ltr'><strong>tamen</strong></span> <span class='ocrx_word' id='word_1_143' title='bbox 1318 3030 1465 3073; x_wconf 89' lang='lat' dir='ltr'><strong>esse</strong></span> <span class='ocrx_word' id='word_1_144' title='bbox 1512 3005 1803 3070; x_wconf 87' lang='lat' dir='ltr'><strong>infirmas</strong></span> <span class='ocrx_word' id='word_1_145' title='bbox 1854 3010 2304 3071; x_wconf 82' lang='lat' dir='ltr'><strong>Romanorum</strong></span> <span class='ocrx_word' id='word_1_146' title='bbox 2345 3010 2547 3071; x_wconf 82' lang='lat' dir='ltr'><strong>maxi-</strong></span> 
     </span>
     <span class='ocr_line' id='line_1_26' title="bbox 1049 3107 2546 3193; baseline -0.001 -19"><span class='ocrx_word' id='word_1_147' title='bbox 1049 3132 1158 3174; x_wconf 87' lang='lat' dir='ltr'><strong>me</strong></span> <span class='ocrx_word' id='word_1_148' title='bbox 1208 3111 1544 3172; x_wconf 85' lang='lat' dir='ltr'><strong>intererat.</strong></span> <span class='ocrx_word' id='word_1_149' title='bbox 1631 3108 1764 3170; x_wconf 86' lang='lat' dir='ltr'><strong>Alii</strong></span> <span class='ocrx_word' id='word_1_150' title='bbox 1806 3107 2062 3193; x_wconf 83' lang='lat' dir='ltr'><strong>singula</strong></span> <span class='ocrx_word' id='word_1_151' title='bbox 2100 3109 2412 3172; x_wconf 83' lang='lat' dir='ltr'><strong>Antonini</strong></span> <span class='ocrx_word' id='word_1_152' title='bbox 2451 3110 2546 3172; x_wconf 85' lang='lat' dir='ltr'><strong>fa·</strong></span> 
     </span>
     <span class='ocr_line' id='line_1_27' title="bbox 1051 3208 2546 3296; baseline -0.003 -20"><span class='ocrx_word' id='word_1_153' title='bbox 1051 3224 1157 3276; x_wconf 86' lang='lat' dir='ltr'><strong>cta</strong></span> <span class='ocrx_word' id='word_1_154' title='bbox 1177 3256 1195 3288; x_wconf 89' lang='lat'><strong>,</strong></span> <span class='ocrx_word' id='word_1_155' title='bbox 1258 3230 1424 3296; x_wconf 88' lang='lat' dir='ltr'><strong>quae</strong></span> <span class='ocrx_word' id='word_1_156' title='bbox 1462 3209 1546 3271; x_wconf 88' lang='lat' dir='ltr'><strong>ad</strong></span> <span class='ocrx_word' id='word_1_157' title='bbox 1589 3208 1878 3293; x_wconf 89' lang='lat' dir='ltr'><strong>singulas</strong></span> <span class='ocrx_word' id='word_1_158' title='bbox 1928 3208 2299 3290; x_wconf 78' lang='lat' dir='ltr'><strong>provincias</strong></span> <span class='ocrx_word' id='word_1_159' title='bbox 2342 3210 2546 3294; x_wconf 87' lang='lat' dir='ltr'><strong>perti-</strong></span> 
     </span>
     <span class='ocr_line' id='line_1_28' title="bbox 1047 3322 2540 3396; baseline -0.001 -20"><span class='ocrx_word' id='word_1_160' title='bbox 1047 3327 1245 3388; x_wconf 80' lang='lat' dir='ltr'><strong>nent,</strong></span> <span class='ocrx_word' id='word_1_161' title='bbox 1290 3330 1456 3396; x_wconf 88' lang='lat' dir='ltr'><strong>quae</strong></span> <span class='ocrx_word' id='word_1_162' title='bbox 1505 3322 1807 3371; x_wconf 78' lang='lat' dir='ltr'><strong>auctores</strong></span> <span class='ocrx_word' id='word_1_163' title='bbox 1845 3323 2106 3373; x_wconf 75' lang='lat' dir='ltr'><strong>veteres</strong></span> <span class='ocrx_word' id='word_1_164' title='bbox 2152 3324 2540 3388; x_wconf 84' lang='lat' dir='ltr'><strong>memorant,</strong></span> 
     </span>
     <span class='ocr_line' id='line_1_29' title="bbox 1049 3408 2540 3498; baseline -0.001 -21"><span class='ocrx_word' id='word_1_165' title='bbox 1049 3413 1134 3477; x_wconf 87' lang='lat' dir='ltr'><strong>ad</strong></span> <span class='ocrx_word' id='word_1_166' title='bbox 1170 3414 1292 3475; x_wconf 90' lang='lat' dir='ltr'><strong>hos</strong></span> <span class='ocrx_word' id='word_1_167' title='bbox 1325 3431 1560 3472; x_wconf 89' lang='lat' dir='ltr'><strong>numos</strong></span> <span class='ocrx_word' id='word_1_168' title='bbox 1602 3408 1969 3494; x_wconf 82' lang='lat' dir='ltr'><strong>adplicant,</strong></span> <span class='ocrx_word' id='word_1_169' title='bbox 2024 3410 2303 3495; x_wconf 84' lang='lat' dir='ltr'><strong>perinde</strong></span> <span class='ocrx_word' id='word_1_170' title='bbox 2355 3413 2540 3498; x_wconf 86' lang='lat' dir='ltr'><strong>quasi</strong></span> 
     </span>
     <span class='ocr_line' id='line_1_30' title="bbox 1052 3510 2542 3600; baseline -0.001 -22"><span class='ocrx_word' id='word_1_171' title='bbox 1052 3513 1306 3588; x_wconf 86' lang='lat' dir='ltr'><strong>omnia,</strong></span> <span class='ocrx_word' id='word_1_172' title='bbox 1352 3530 1518 3596; x_wconf 86' lang='lat' dir='ltr'><strong>quae</strong></span> <span class='ocrx_word' id='word_1_173' title='bbox 1565 3524 1827 3575; x_wconf 77' lang='lat' dir='ltr'><strong>veteres</strong></span> <span class='ocrx_word' id='word_1_174' title='bbox 1873 3510 1957 3572; x_wconf 92' lang='lat' dir='ltr'><strong>de</strong></span> <span class='ocrx_word' id='word_1_175' title='bbox 2008 3510 2338 3577; x_wconf 85' lang='lat' dir='ltr'><strong>Antonino</strong></span> <span class='ocrx_word' id='word_1_176' title='bbox 2388 3537 2542 3600; x_wconf 86' lang='lat' dir='ltr'><strong>pro·</strong></span> 
     </span>
     <span class='ocr_line' id='line_1_31' title="bbox 1055 3611 2541 3696; baseline 0.003 -19"><span class='ocrx_word' id='word_1_177' title='bbox 1055 3614 1320 3688; x_wconf 88' lang='lat' dir='ltr'><strong>didere,</strong></span> <span class='ocrx_word' id='word_1_178' title='bbox 1367 3612 1582 3696; x_wconf 77' lang='lat' dir='ltr'><strong>primo</strong></span> <span class='ocrx_word' id='word_1_179' title='bbox 1618 3612 1833 3673; x_wconf 88' lang='lat' dir='ltr'><strong>statim</strong></span> <span class='ocrx_word' id='word_1_180' title='bbox 1864 3611 2126 3695; x_wconf 83' lang='lat' dir='ltr'><strong>imperii</strong></span> <span class='ocrx_word' id='word_1_181' title='bbox 2171 3634 2374 3691; x_wconf 87' lang='lat' dir='ltr'><strong>anno,</strong></span> <span class='ocrx_word' id='word_1_182' title='bbox 2420 3637 2541 3680; x_wconf 89' lang='lat' dir='ltr'><strong>seu</strong></span> 
     </span>
     <span class='ocr_line' id='line_1_32' title="bbox 1046 3708 2542 3789; baseline 0 -9"><span class='ocrx_word' id='word_1_183' title='bbox 1046 3717 1119 3780; x_wconf 88' lang='lat' dir='ltr'><strong>in</strong></span> <span class='ocrx_word' id='word_1_184' title='bbox 1148 3714 1492 3781; x_wconf 74' lang='lat' dir='ltr'><strong>consulatu</strong></span> <span class='ocrx_word' id='word_1_185' title='bbox 1533 3716 1616 3776; x_wconf 90' lang='lat'><strong>11.</strong></span> <span class='ocrx_word' id='word_1_186' title='bbox 1675 3712 1990 3778; x_wconf 84' lang='lat' dir='ltr'><strong>accidisse</strong></span> <span class='ocrx_word' id='word_1_187' title='bbox 2019 3714 2118 3789; x_wconf 81' lang='lat' dir='ltr'><strong>,sit</strong></span> <span class='ocrx_word' id='word_1_188' title='bbox 2164 3708 2542 3783; x_wconf 85' lang='lat' dir='ltr'><strong>existiman·</strong></span> 
     </span>
     <span class='ocr_line' id='line_1_33' title="bbox 1047 3817 1813 3897; baseline 0.003 -17"><span class='ocrx_word' id='word_1_189' title='bbox 1047 3817 1227 3882; x_wconf 83' lang='lat' dir='ltr'><strong>dum.</strong></span> <span class='ocrx_word' id='word_1_190' title='bbox 1804 3884 1813 3897; x_wconf 36' lang='lat' dir='ltr'>f</span> 
     </span>
    </p>

    <p class='ocr_par' dir='ltr' id='par_1_5' title="bbox 1038 3915 2553 4208">
     <span class='ocr_line' id='line_1_34' title="bbox 1068 3915 2553 4004; baseline 0.001 -22"><span class='ocrx_word' id='word_1_191' title='bbox 1068 3958 1075 3963; x_wconf 89' lang='lat'>-</span> <span class='ocrx_word' id='word_1_192' title='bbox 1174 3920 1543 4004; x_wconf 84' lang='lat' dir='ltr'><strong>Antequam</strong></span> <span class='ocrx_word' id='word_1_193' title='bbox 1588 3917 1934 4002; x_wconf 80' lang='lat' dir='ltr'><strong>probabile</strong></span> <span class='ocrx_word' id='word_1_194' title='bbox 1969 3915 2054 3980; x_wconf 88' lang='lat' dir='ltr'><strong>de</strong></span> <span class='ocrx_word' id='word_1_195' title='bbox 2082 3917 2186 3981; x_wconf 85' lang='lat' dir='ltr'><strong>his</strong></span> <span class='ocrx_word' id='word_1_196' title='bbox 2218 3917 2553 4002; x_wconf 68' lang='lat' dir='ltr'><strong>judicium</strong></span> 
     </span>
     <span class='ocr_line' id='line_1_35' title="bbox 1044 4010 2529 4104; baseline 0.001 -21"><span class='ocrx_word' id='word_1_197' title='bbox 1044 4010 1239 4084; x_wconf 65' lang='lat' dir='ltr'><strong>ferri&#39;</strong></span> <span class='ocrx_word' id='word_1_198' title='bbox 1293 4019 1533 4104; x_wconf 87' lang='lat' dir='ltr'><strong>possit,</strong></span> <span class='ocrx_word' id='word_1_199' title='bbox 1614 4015 2057 4083; x_wconf 80' lang='lat' dir='ltr'><strong>definiendum</strong></span> <span class='ocrx_word' id='word_1_200' title='bbox 2131 4022 2529 4101; x_wconf 83' lang='lat' dir='ltr'><strong>necessario,</strong></span> 
     </span>
     <span class='ocr_line' id='line_1_36' title="bbox 1038 4119 2533 4208; baseline 0.002 -23"><span class='ocrx_word' id='word_1_201' title='bbox 1038 4123 1355 4208; x_wconf 74' lang='lat' dir='ltr'><strong>‘quidnam</strong></span> <span class='ocrx_word' id='word_1_202' title='bbox 1402 4122 1487 4184; x_wconf 88' lang='lat' dir='ltr'><strong>sit</strong></span> <span class='ocrx_word' id='word_1_203' title='bbox 1536 4119 1743 4197; x_wconf 88' lang='lat' dir='ltr'><strong>illud,</strong></span> <span class='ocrx_word' id='word_1_204' title='bbox 1803 4121 1980 4207; x_wconf 89' lang='lat' dir='ltr'><strong>quod</strong></span> <span class='ocrx_word' id='word_1_205' title='bbox 2028 4121 2232 4208; x_wconf 89' lang='lat' dir='ltr'><strong>partis</strong></span> <span class='ocrx_word' id='word_1_206' title='bbox 2261 4143 2533 4188; x_wconf 84' lang='lat' dir='ltr'><strong>aversae</strong></span> 
     </span>
    </p>
   </div>
   <div class='ocr_carea' id='block_1_5' title="bbox 2648 681 4216 4212">
    <p class='ocr_par' dir='ltr' id='par_1_6' title="bbox 2666 681 4180 1674">
     <span class='ocr_line' id='line_1_37' title="bbox 2673 681 4159 749; baseline 0.001 -2"><span class='ocrx_word' id='word_1_207' title='bbox 2673 684 2885 748; x_wconf 87' lang='lat' dir='ltr'><strong>altero</strong></span> <span class='ocrx_word' id='word_1_208' title='bbox 2916 683 3170 748; x_wconf 79' lang='lat' dir='ltr'><strong>SYmA</strong></span> <span class='ocrx_word' id='word_1_209' title='bbox 3207 681 3559 748; x_wconf 83' lang='lat' dir='ltr'><strong>canistrum</strong></span> <span class='ocrx_word' id='word_1_210' title='bbox 3589 697 3691 747; x_wconf 82' lang='lat' dir='ltr'><strong>est</strong></span> <span class='ocrx_word' id='word_1_211' title='bbox 3725 696 4026 749; x_wconf 84' lang='lat' dir='ltr'><strong>constans</strong></span> <span class='ocrx_word' id='word_1_212' title='bbox 4047 683 4159 748; x_wconf 84' lang='lat' dir='ltr'><strong>tri·</strong></span> 
     </span>
     <span class='ocr_line' id='line_1_38' title="bbox 2671 785 4159 870; baseline 0.001 -21"><span class='ocrx_word' id='word_1_213' title='bbox 2671 786 2795 849; x_wconf 87' lang='lat' dir='ltr'><strong>bus</strong></span> <span class='ocrx_word' id='word_1_214' title='bbox 2838 787 3099 850; x_wconf 88' lang='lat' dir='ltr'><strong>coronis</strong></span> <span class='ocrx_word' id='word_1_215' title='bbox 3120 828 3139 862; x_wconf 92' lang='lat'><strong>,</strong></span> <span class='ocrx_word' id='word_1_216' title='bbox 3202 805 3476 870; x_wconf 85' lang='lat' dir='ltr'><strong>quarum</strong></span> <span class='ocrx_word' id='word_1_217' title='bbox 3537 808 3667 851; x_wconf 89' lang='lat' dir='ltr'><strong>una</strong></span> <span class='ocrx_word' id='word_1_218' title='bbox 3721 786 3915 850; x_wconf 87' lang='lat' dir='ltr'><strong>alteri</strong></span> <span class='ocrx_word' id='word_1_219' title='bbox 3953 785 4159 870; x_wconf 88' lang='lat' dir='ltr'><strong>impo-</strong></span> 
     </span>
     <span class='ocr_line' id='line_1_39' title="bbox 2674 886 4170 951; baseline 0.002 -3"><span class='ocrx_word' id='word_1_220' title='bbox 2674 887 2796 950; x_wconf 89' lang='lat' dir='ltr'><strong>sita</strong></span> <span class='ocrx_word' id='word_1_221' title='bbox 2850 901 2969 951; x_wconf 88' lang='lat' dir='ltr'><strong>est.</strong></span> <span class='ocrx_word' id='word_1_222' title='bbox 3034 890 3111 950; x_wconf 89' lang='lat' dir='ltr'><strong>In</strong></span> <span class='ocrx_word' id='word_1_223' title='bbox 3142 907 3341 948; x_wconf 91' lang='lat' dir='ltr'><strong>numo</strong></span> <span class='ocrx_word' id='word_1_224' title='bbox 3375 887 3641 951; x_wconf 80' lang='lat' dir='ltr'>DACIA</span> <span class='ocrx_word' id='word_1_225' title='bbox 3674 886 3982 950; x_wconf 88' lang='lat' dir='ltr'><strong>dicuntur</strong></span> <span class='ocrx_word' id='word_1_226' title='bbox 4015 905 4170 951; x_wconf 86' lang='lat' dir='ltr'><strong>esse</strong></span> 
     </span>
     <span class='ocr_line' id='line_1_40' title="bbox 2673 986 4165 1064; baseline 0.002 -14"><span class='ocrx_word' id='word_1_227' title='bbox 2673 987 3048 1064; x_wconf 89' lang='lat' dir='ltr'><strong>monticuli,</strong></span> <span class='ocrx_word' id='word_1_228' title='bbox 3111 987 3231 1048; x_wconf 79' lang='lat' dir='ltr'><strong>scd</strong></span> <span class='ocrx_word' id='word_1_229' title='bbox 3277 986 3453 1049; x_wconf 89' lang='lat' dir='ltr'><strong>haud</strong></span> <span class='ocrx_word' id='word_1_230' title='bbox 3499 986 3697 1050; x_wconf 87' lang='lat' dir='ltr'><strong>dubie</strong></span> <span class='ocrx_word' id='word_1_231' title='bbox 3734 1007 4020 1051; x_wconf 89' lang='lat' dir='ltr'><strong>coronae</strong></span> <span class='ocrx_word' id='word_1_232' title='bbox 4059 1010 4165 1053; x_wconf 83' lang='lat' dir='ltr'><strong>ra·</strong></span> 
     </span>
     <span class='ocr_line' id='line_1_41' title="bbox 2674 1086 4162 1173; baseline 0.003 -24"><span class='ocrx_word' id='word_1_233' title='bbox 2674 1086 2766 1149; x_wconf 86' lang='lat' dir='ltr'><strong>dii</strong></span> <span class='ocrx_word' id='word_1_234' title='bbox 2795 1087 3033 1149; x_wconf 83' lang='lat' dir='ltr'><strong>horuni</strong></span> <span class='ocrx_word' id='word_1_235' title='bbox 3054 1086 3342 1171; x_wconf 90' lang='lat' dir='ltr'><strong>speciem</strong></span> <span class='ocrx_word' id='word_1_236' title='bbox 3377 1086 3720 1172; x_wconf 87' lang='lat' dir='ltr'><strong>praebent.</strong></span> <span class='ocrx_word' id='word_1_237' title='bbox 3764 1088 3974 1173; x_wconf 81' lang='lat' dir='ltr'><strong>Igitur</strong></span> <span class='ocrx_word' id='word_1_238' title='bbox 4003 1090 4059 1152; x_wconf 89' lang='lat' dir='ltr'><strong>si</strong></span> <span class='ocrx_word' id='word_1_239' title='bbox 4078 1108 4162 1154; x_wconf 80' lang='lat' dir='ltr'><strong>ex</strong></span> 
     </span>
     <span class='ocr_line' id='line_1_42' title="bbox 2669 1185 4164 1275; baseline 0.003 -25"><span class='ocrx_word' id='word_1_240' title='bbox 2669 1188 2954 1275; x_wconf 81' lang='lat' dir='ltr'><strong>imagine</strong></span> <span class='ocrx_word' id='word_1_241' title='bbox 3024 1185 3413 1272; x_wconf 88' lang='lat' dir='ltr'><strong>capiendum</strong></span> <span class='ocrx_word' id='word_1_242' title='bbox 3488 1187 3838 1271; x_wconf 85' lang='lat' dir='ltr'><strong>judicium,</strong></span> <span class='ocrx_word' id='word_1_243' title='bbox 3913 1186 4164 1274; x_wconf 60' lang='lat' dir='ltr'><strong>⁴partim</strong></span> 
     </span>
     <span class='ocr_line' id='line_1_43' title="bbox 2668 1288 4180 1374; baseline -0.001 -19"><span class='ocrx_word' id='word_1_244' title='bbox 2668 1310 2979 1355; x_wconf 89' lang='lat' dir='ltr'><strong>coronam</strong></span> <span class='ocrx_word' id='word_1_245' title='bbox 3018 1288 3185 1350; x_wconf 88' lang='lat' dir='ltr'><strong>sistit</strong></span> <span class='ocrx_word' id='word_1_246' title='bbox 3205 1334 3221 1363; x_wconf 94' lang='lat'><strong>,</strong></span> <span class='ocrx_word' id='word_1_247' title='bbox 3267 1289 3501 1371; x_wconf 86' lang='lat' dir='ltr'><strong>partim</strong></span> <span class='ocrx_word' id='word_1_248' title='bbox 3541 1288 3891 1352; x_wconf 87' lang='lat' dir='ltr'><strong>canistrum</strong></span> <span class='ocrx_word' id='word_1_249' title='bbox 3912 1333 3930 1365; x_wconf 92' lang='lat'><strong>,</strong></span> <span class='ocrx_word' id='word_1_250' title='bbox 3978 1290 4180 1374; x_wconf 66' lang='lat' dir='ltr'><strong>quod‘</strong></span> 
     </span>
     <span class='ocr_line' id='line_1_44' title="bbox 2668 1388 4159 1474; baseline 0.001 -22"><span class='ocrx_word' id='word_1_251' title='bbox 2668 1390 2999 1474; x_wconf 86' lang='lat' dir='ltr'><strong>quidpiam</strong></span> <span class='ocrx_word' id='word_1_252' title='bbox 3050 1389 3349 1453; x_wconf 86' lang='lat' dir='ltr'><strong>includit.</strong></span> <span class='ocrx_word' id='word_1_253' title='bbox 3422 1391 3546 1452; x_wconf 87' lang='lat' dir='ltr'><strong>His</strong></span> <span class='ocrx_word' id='word_1_254' title='bbox 3595 1388 3898 1455; x_wconf 81' lang='lat' dir='ltr'><strong>stabilitis</strong></span> <span class='ocrx_word' id='word_1_255' title='bbox 3958 1407 4159 1473; x_wconf 85' lang='lat' dir='ltr'><strong>expe·</strong></span> 
     </span>
     <span class='ocr_line' id='line_1_45' title="bbox 2667 1488 4161 1572; baseline 0.001 -19"><span class='ocrx_word' id='word_1_256' title='bbox 2667 1488 2869 1554; x_wconf 85' lang='lat' dir='ltr'><strong>ditior</strong></span> <span class='ocrx_word' id='word_1_257' title='bbox 2904 1503 3005 1553; x_wconf 86' lang='lat' dir='ltr'><strong>est</strong></span> <span class='ocrx_word' id='word_1_258' title='bbox 3035 1489 3121 1553; x_wconf 84' lang='lat' dir='ltr'><strong>ad</strong></span> <span class='ocrx_word' id='word_1_259' title='bbox 3151 1503 3373 1552; x_wconf 87' lang='lat' dir='ltr'><strong>cetera</strong></span> <span class='ocrx_word' id='word_1_260' title='bbox 3413 1489 3550 1565; x_wconf 73' lang='lat' dir='ltr'><strong>via,</strong></span> <span class='ocrx_word' id='word_1_261' title='bbox 3597 1510 3726 1572; x_wconf 86' lang='lat' dir='ltr'><strong>qua</strong></span> <span class='ocrx_word' id='word_1_262' title='bbox 3771 1489 4161 1554; x_wconf 76' lang='lat' dir='ltr'><strong>sententiam</strong></span> 
     </span>
     <span class='ocr_line' id='line_1_46' title="bbox 2666 1591 3766 1674; baseline -0.002 -18"><span class='ocrx_word' id='word_1_263' title='bbox 2666 1612 2880 1656; x_wconf 88' lang='lat' dir='ltr'><strong>meam</strong></span> <span class='ocrx_word' id='word_1_264' title='bbox 2913 1591 3186 1654; x_wconf 88' lang='lat' dir='ltr'><strong>eruditis</strong></span> <span class='ocrx_word' id='word_1_265' title='bbox 3210 1591 3620 1674; x_wconf 89' lang='lat' dir='ltr'><strong>propositum</strong></span> <span class='ocrx_word' id='word_1_266' title='bbox 3656 1608 3766 1655; x_wconf 87' lang='lat' dir='ltr'><strong>eo.</strong></span> 
     </span>
    </p>

    <p class='ocr_par' dir='ltr' id='par_1_7' title="bbox 2648 1689 4216 4212">
     <span class='ocr_line' id='line_1_47' title="bbox 2795 1689 4163 1778; baseline 0.002 -23"><span class='ocrx_word' id='word_1_267' title='bbox 2795 1690 3001 1767; x_wconf 89' lang='lat' dir='ltr'><strong>Illud,</strong></span> <span class='ocrx_word' id='word_1_268' title='bbox 3048 1690 3224 1778; x_wconf 87' lang='lat' dir='ltr'><strong>quod</strong></span> <span class='ocrx_word' id='word_1_269' title='bbox 3269 1689 3481 1776; x_wconf 85' lang='lat' dir='ltr'><strong>figura</strong></span> <span class='ocrx_word' id='word_1_270' title='bbox 3518 1691 3586 1753; x_wconf 89' lang='lat' dir='ltr'><strong>in</strong></span> <span class='ocrx_word' id='word_1_271' title='bbox 3628 1690 3731 1754; x_wconf 88' lang='lat' dir='ltr'><strong>his</strong></span> <span class='ocrx_word' id='word_1_272' title='bbox 3779 1691 3996 1756; x_wconf 91' lang='lat' dir='ltr'><strong>numis</strong></span> <span class='ocrx_word' id='word_1_273' title='bbox 4026 1712 4163 1758; x_wconf 83' lang='lat' dir='ltr'><strong>ma·</strong></span> 
     </span>
     <span class='ocr_line' id='line_1_48' title="bbox 2667 1793 4168 1878; baseline 0.001 -22"><span class='ocrx_word' id='word_1_274' title='bbox 2667 1817 2759 1856; x_wconf 91' lang='lat' dir='ltr'><strong>nu</strong></span> <span class='ocrx_word' id='word_1_275' title='bbox 2777 1793 3114 1878; x_wconf 83' lang='lat' dir='ltr'><strong>praefert,</strong></span> <span class='ocrx_word' id='word_1_276' title='bbox 3161 1814 3473 1856; x_wconf 87' lang='lat' dir='ltr'><strong>coronam</strong></span> <span class='ocrx_word' id='word_1_277' title='bbox 3528 1813 3792 1855; x_wconf 88' lang='lat' dir='ltr'><strong>auream</strong></span> <span class='ocrx_word' id='word_1_278' title='bbox 3828 1813 3974 1857; x_wconf 89' lang='lat' dir='ltr'><strong>esse</strong></span> <span class='ocrx_word' id='word_1_279' title='bbox 4009 1815 4168 1860; x_wconf 87' lang='lat' dir='ltr'><strong>cen·</strong></span> 
     </span>
     <span class='ocr_line' id='line_1_49' title="bbox 2669 1893 4183 1979; baseline 0.001 -20"><span class='ocrx_word' id='word_1_280' title='bbox 2669 1915 2822 1972; x_wconf 82' lang='lat' dir='ltr'><strong>seo,</strong></span> <span class='ocrx_word' id='word_1_281' title='bbox 2886 1908 2996 1957; x_wconf 86' lang='lat' dir='ltr'><strong>aut</strong></span> <span class='ocrx_word' id='word_1_282' title='bbox 3039 1893 3214 1979; x_wconf 88' lang='lat' dir='ltr'><strong>quod</strong></span> <span class='ocrx_word' id='word_1_283' title='bbox 3278 1914 3402 1977; x_wconf 90' lang='lat' dir='ltr'><strong>pro</strong></span> <span class='ocrx_word' id='word_1_284' title='bbox 3459 1893 3588 1955; x_wconf 87' lang='lat' dir='ltr'><strong>hoc</strong></span> <span class='ocrx_word' id='word_1_285' title='bbox 3613 1893 3755 1955; x_wconf 90' lang='lat' dir='ltr'><strong>dari</strong></span> <span class='ocrx_word' id='word_1_286' title='bbox 3799 1898 4183 1976; x_wconf 78' lang='lat' dir='ltr'><strong>consuevit,-</strong></span> 
     </span>
     <span class='ocr_line' id='line_1_50' title="bbox 2670 1995 4163 2081; baseline 0.001 -21"><span class='ocrx_word' id='word_1_287' title='bbox 2670 2019 2900 2060; x_wconf 76' lang='lat' dir='ltr'><strong>aurum</strong></span> <span class='ocrx_word' id='word_1_288' title='bbox 2931 2000 3354 2060; x_wconf 72' lang='lat' dir='ltr'><strong>coronarium.</strong></span> <span class='ocrx_word' id='word_1_289' title='bbox 3409 1996 3619 2062; x_wconf 82' lang='lat' dir='ltr'><strong>Vetus</strong></span> <span class='ocrx_word' id='word_1_290' title='bbox 3651 1995 3827 2057; x_wconf 90' lang='lat' dir='ltr'><strong>euim</strong></span> <span class='ocrx_word' id='word_1_291' title='bbox 3871 2010 4014 2060; x_wconf 87' lang='lat' dir='ltr'><strong>erat</strong></span> <span class='ocrx_word' id='word_1_292' title='bbox 4027 1996 4163 2081; x_wconf 83' lang='lat' dir='ltr'><strong>jam</strong></span> 
     </span>
     <span class='ocr_line' id='line_1_51' title="bbox 2670 2096 4167 2189; baseline -0.001 -28"><span class='ocrx_word' id='word_1_293' title='bbox 2670 2099 2865 2162; x_wconf 89' lang='lat' dir='ltr'><strong>etiam</strong></span> <span class='ocrx_word' id='word_1_294' title='bbox 2927 2096 3101 2181; x_wconf 87' lang='lat' dir='ltr'><strong>apud</strong></span> <span class='ocrx_word' id='word_1_295' title='bbox 3163 2097 3454 2189; x_wconf 74' lang='lat' dir='ltr'><strong>Graecos</strong></span> <span class='ocrx_word' id='word_1_296' title='bbox 3496 2117 3675 2172; x_wconf 89' lang='lat' dir='ltr'><strong>mos,</strong></span> <span class='ocrx_word' id='word_1_297' title='bbox 3735 2110 3810 2159; x_wconf 91' lang='lat' dir='ltr'><strong>ut</strong></span> <span class='ocrx_word' id='word_1_298' title='bbox 3856 2097 3972 2174; x_wconf 91' lang='lat' dir='ltr'><strong>iis,</strong></span> <span class='ocrx_word' id='word_1_299' title='bbox 4020 2097 4167 2183; x_wconf 88' lang='lat' dir='ltr'><strong>qui-</strong></span> 
     </span>
     <span class='ocr_line' id='line_1_52' title="bbox 2668 2197 4165 2274; baseline 0.001 -12"><span class='ocrx_word' id='word_1_300' title='bbox 2668 2199 2791 2262; x_wconf 86' lang='lat' dir='ltr'><strong>bus</strong></span> <span class='ocrx_word' id='word_1_301' title='bbox 2835 2197 3174 2262; x_wconf 85' lang='lat' dir='ltr'><strong>habendus</strong></span> <span class='ocrx_word' id='word_1_302' title='bbox 3232 2212 3409 2261; x_wconf 90' lang='lat' dir='ltr'><strong>esset</strong></span> <span class='ocrx_word' id='word_1_303' title='bbox 3451 2197 3701 2274; x_wconf 85' lang='lat' dir='ltr'><strong>honos,</strong></span> <span class='ocrx_word' id='word_1_304' title='bbox 3764 2212 3876 2260; x_wconf 90' lang='lat' dir='ltr'><strong>aut</strong></span> <span class='ocrx_word' id='word_1_305' title='bbox 3915 2197 4165 2263; x_wconf 83' lang='lat' dir='ltr'><strong>haben·</strong></span> 
     </span>
     <span class='ocr_line' id='line_1_53' title="bbox 2669 2297 4159 2385; baseline 0 -21"><span class='ocrx_word' id='word_1_306' title='bbox 2669 2301 2791 2364; x_wconf 85' lang='lat' dir='ltr'><strong>dae</strong></span> <span class='ocrx_word' id='word_1_307' title='bbox 2851 2300 3135 2385; x_wconf 84' lang='lat' dir='ltr'><strong>gratiae,</strong></span> <span class='ocrx_word' id='word_1_308' title='bbox 3215 2319 3460 2363; x_wconf 87' lang='lat' dir='ltr'><strong>corona</strong></span> <span class='ocrx_word' id='word_1_309' title='bbox 3518 2319 3718 2362; x_wconf 86' lang='lat' dir='ltr'><strong>aurea</strong></span> <span class='ocrx_word' id='word_1_310' title='bbox 3777 2297 4159 2364; x_wconf 85' lang='lat' dir='ltr'><strong>donaretur.</strong></span> 
     </span>
     <span class='ocr_line' id='line_1_54' title="bbox 2668 2399 4164 2468; baseline 0.003 -6"><span class='ocrx_word' id='word_1_311' title='bbox 2668 2404 2802 2464; x_wconf 88' lang='lat' dir='ltr'><strong>Iam</strong></span> <span class='ocrx_word' id='word_1_312' title='bbox 2854 2421 3023 2464; x_wconf 88' lang='lat' dir='ltr'><strong>anno</strong></span> <span class='ocrx_word' id='word_1_313' title='bbox 3080 2402 3162 2468; x_wconf 86' lang='lat' dir='ltr'><strong>V.</strong></span> <span class='ocrx_word' id='word_1_314' title='bbox 3227 2401 3300 2464; x_wconf 90' lang='lat' dir='ltr'><strong>C.</strong></span> <span class='ocrx_word' id='word_1_315' title='bbox 3362 2399 3511 2464; x_wconf 76' lang='lat'><strong>331.</strong></span> <span class='ocrx_word' id='word_1_316' title='bbox 3576 2400 3897 2464; x_wconf 84' lang='lat' dir='ltr'><strong>Thraciae</strong></span> <span class='ocrx_word' id='word_1_317' title='bbox 3955 2400 4164 2467; x_wconf 78' lang='lat' dir='ltr'><strong>urbes</strong></span> 
     </span>
     <span class='ocr_line' id='line_1_55' title="bbox 2664 2501 4162 2586; baseline 0.004 -24"><span class='ocrx_word' id='word_1_318' title='bbox 2664 2502 3006 2566; x_wconf 88' lang='lat' dir='ltr'><strong>Brasidam</strong></span> <span class='ocrx_word' id='word_1_319' title='bbox 3047 2501 3436 2585; x_wconf 83' lang='lat' dir='ltr'><strong>Spartanum</strong></span> <span class='ocrx_word' id='word_1_320' title='bbox 3485 2515 3791 2586; x_wconf 87' lang='lat' dir='ltr'><strong>tanquam</strong></span> <span class='ocrx_word' id='word_1_321' title='bbox 3838 2501 4162 2568; x_wconf 84' lang='lat' dir='ltr'><strong>Graeciae</strong></span> 
     </span>
     <span class='ocr_line' id='line_1_56' title="bbox 2665 2600 4164 2686; baseline 0.003 -21"><span class='ocrx_word' id='word_1_322' title='bbox 2665 2604 3090 2667; x_wconf 85' lang='lat' dir='ltr'><strong>liberatorem</strong></span> <span class='ocrx_word' id='word_1_323' title='bbox 3124 2623 3369 2666; x_wconf 91' lang='lat' dir='ltr'><strong>corona</strong></span> <span class='ocrx_word' id='word_1_324' title='bbox 3399 2623 3598 2666; x_wconf 88' lang='lat' dir='ltr'><strong>aurea</strong></span> <span class='ocrx_word' id='word_1_325' title='bbox 3622 2600 4020 2667; x_wconf 81' lang='lat' dir='ltr'><strong>redimivere</strong></span> <span class='ocrx_word' id='word_1_326' title='bbox 4075 2602 4164 2686; x_wconf 78' lang='lat'><strong>¹).</strong></span> 
     </span>
     <span class='ocr_line' id='line_1_57' title="bbox 2662 2703 4164 2790; baseline 0.002 -22"><span class='ocrx_word' id='word_1_327' title='bbox 2662 2705 3002 2775; x_wconf 79' lang='lat' dir='ltr'><strong>vetustius</strong></span> <span class='ocrx_word' id='word_1_328' title='bbox 3061 2705 3436 2790; x_wconf 87' lang='lat' dir='ltr'><strong>exemplum</strong></span> <span class='ocrx_word' id='word_1_329' title='bbox 3487 2703 3572 2788; x_wconf 88' lang='lat' dir='ltr'><strong>de</strong></span> <span class='ocrx_word' id='word_1_330' title='bbox 3630 2717 3939 2768; x_wconf 90' lang='lat' dir='ltr'><strong>coronata</strong></span> <span class='ocrx_word' id='word_1_331' title='bbox 3992 2724 4164 2771; x_wconf 77' lang='lat' dir='ltr'><strong>auro</strong></span> 
     </span>
     <span class='ocr_line' id='line_1_58' title="bbox 2662 2804 4159 2885; baseline 0 -14"><span class='ocrx_word' id='word_1_332' title='bbox 2662 2809 3016 2871; x_wconf 82' lang='lat' dir='ltr'><strong>Damareta</strong></span> <span class='ocrx_word' id='word_1_333' title='bbox 3050 2805 3323 2870; x_wconf 84' lang='lat' dir='ltr'><strong>Gelonis</strong></span> <span class='ocrx_word' id='word_1_334' title='bbox 3357 2824 3563 2869; x_wconf 80' lang='lat' dir='ltr'><strong>uxore</strong></span> <span class='ocrx_word' id='word_1_335' title='bbox 3613 2804 3910 2868; x_wconf 83' lang='lat' dir='ltr'><strong>dabimus</strong></span> <span class='ocrx_word' id='word_1_336' title='bbox 3956 2804 4159 2885; x_wconf 80' lang='lat' dir='ltr'><strong>iufra,</strong></span> 
     </span>
     <span class='ocr_line' id='line_1_59' title="bbox 2661 2907 4161 2994; baseline 0 -22"><span class='ocrx_word' id='word_1_337' title='bbox 2661 2923 2801 2973; x_wconf 90' lang='lat' dir='ltr'><strong>tum</strong></span> <span class='ocrx_word' id='word_1_338' title='bbox 2850 2922 2918 2971; x_wconf 91' lang='lat' dir='ltr'><strong>et</strong></span> <span class='ocrx_word' id='word_1_339' title='bbox 2948 2907 3351 2994; x_wconf 81' lang='lat' dir='ltr'><strong>posteriora,</strong></span> <span class='ocrx_word' id='word_1_340' title='bbox 3404 2926 3686 2991; x_wconf 84' lang='lat' dir='ltr'><strong>quorum</strong></span> <span class='ocrx_word' id='word_1_341' title='bbox 3735 2907 3940 2970; x_wconf 87' lang='lat' dir='ltr'><strong>multa</strong></span> <span class='ocrx_word' id='word_1_342' title='bbox 3993 2929 4161 2993; x_wconf 84' lang='lat' dir='ltr'><strong>quo-</strong></span> 
     </span>
     <span class='ocr_line' id='line_1_60' title="bbox 2662 3006 4161 3096; baseline -0.001 -22"><span class='ocrx_word' id='word_1_343' title='bbox 2662 3030 2790 3096; x_wconf 88' lang='lat' dir='ltr'><strong>que</strong></span> <span class='ocrx_word' id='word_1_344' title='bbox 2845 3021 3359 3073; x_wconf 85' lang='lat' dir='ltr'><strong>commemorant</strong></span> <span class='ocrx_word' id='word_1_345' title='bbox 3409 3006 3803 3092; x_wconf 79' lang='lat' dir='ltr'><strong>scriptores,</strong></span> <span class='ocrx_word' id='word_1_346' title='bbox 3854 3028 4003 3071; x_wconf 88' lang='lat' dir='ltr'><strong>cum</strong></span> <span class='ocrx_word' id='word_1_347' title='bbox 4040 3009 4161 3073; x_wconf 86' lang='lat' dir='ltr'><strong>ha·</strong></span> 
     </span>
     <span class='ocr_line' id='line_1_61' title="bbox 2657 3108 4157 3175; baseline -0.001 0"><span class='ocrx_word' id='word_1_348' title='bbox 2657 3112 2830 3175; x_wconf 88' lang='lat' dir='ltr'><strong>bitos</strong></span> <span class='ocrx_word' id='word_1_349' title='bbox 2877 3134 2914 3173; x_wconf 87' lang='lat' dir='ltr'><strong>a</strong></span> <span class='ocrx_word' id='word_1_350' title='bbox 2962 3110 3330 3174; x_wconf 83' lang='lat' dir='ltr'><strong>civitatibus</strong></span> <span class='ocrx_word' id='word_1_351' title='bbox 3380 3108 3754 3172; x_wconf 82' lang='lat' dir='ltr'><strong>Alexandro</strong></span> <span class='ocrx_word' id='word_1_352' title='bbox 3807 3110 3898 3174; x_wconf 80' lang='lat' dir='ltr'><strong>M.</strong></span> <span class='ocrx_word' id='word_1_353' title='bbox 3943 3109 4157 3174; x_wconf 87' lang='lat' dir='ltr'><strong>hono·</strong></span> 
     </span>
     <span class='ocr_line' id='line_1_62' title="bbox 2655 3202 4172 3286; baseline -0.001 -9"><span class='ocrx_word' id='word_1_354' title='bbox 2655 3234 2767 3280; x_wconf 73' lang='lat' dir='ltr'><strong>res</strong></span> <span class='ocrx_word' id='word_1_355' title='bbox 2836 3222 3384 3286; x_wconf 87' lang='lat' dir='ltr'><strong>commemorant,</strong></span> <span class='ocrx_word' id='word_1_356' title='bbox 3450 3222 3591 3272; x_wconf 89' lang='lat' dir='ltr'><strong>tum</strong></span> <span class='ocrx_word' id='word_1_357' title='bbox 3661 3202 3858 3272; x_wconf 79' lang='lat' dir='ltr'><strong>etiam</strong></span> <span class='ocrx_word' id='word_1_358' title='bbox 3905 3212 4172 3276; x_wconf 61' lang='lat' dir='ltr'><strong>Demo·</strong></span> 
     </span>
     <span class='ocr_line' id='line_1_63' title="bbox 2657 3308 4159 3397; baseline 0 -21"><span class='ocrx_word' id='word_1_359' title='bbox 2657 3313 2924 3377; x_wconf 86' lang='lat' dir='ltr'><strong>sthenes</strong></span> <span class='ocrx_word' id='word_1_360' title='bbox 2963 3308 3052 3393; x_wconf 81' lang='lat' dir='ltr'><strong>b).</strong></span> <span class='ocrx_word' id='word_1_361' title='bbox 3096 3316 3311 3397; x_wconf 78' lang='lat' dir='ltr'><strong>Atque</strong></span> <span class='ocrx_word' id='word_1_362' title='bbox 3351 3309 3687 3396; x_wconf 84' lang='lat' dir='ltr'><strong>antiquum</strong></span> <span class='ocrx_word' id='word_1_363' title='bbox 3739 3310 3915 3373; x_wconf 89' lang='lat' dir='ltr'><strong>istud</strong></span> <span class='ocrx_word' id='word_1_364' title='bbox 3947 3309 4159 3376; x_wconf 83' lang='lat' dir='ltr'><strong>Grae·</strong></span> 
     </span>
     <span class='ocr_line' id='line_1_64' title="bbox 2656 3410 4216 3495; baseline -0.002 -16"><span class='ocrx_word' id='word_1_365' title='bbox 2656 3436 2884 3479; x_wconf 87' lang='lat' dir='ltr'><strong>corum</strong></span> <span class='ocrx_word' id='word_1_366' title='bbox 2928 3413 3292 3477; x_wconf 87' lang='lat' dir='ltr'><strong>institutum</strong></span> <span class='ocrx_word' id='word_1_367' title='bbox 3312 3457 3329 3489; x_wconf 93' lang='lat'><strong>,</strong></span> <span class='ocrx_word' id='word_1_368' title='bbox 3385 3410 3693 3495; x_wconf 88' lang='lat' dir='ltr'><strong>quoniam</strong></span> <span class='ocrx_word' id='word_1_369' title='bbox 3741 3410 3824 3473; x_wconf 91' lang='lat' dir='ltr'><strong>ad</strong></span> <span class='ocrx_word' id='word_1_370' title='bbox 3869 3431 4011 3475; x_wconf 91' lang='lat' dir='ltr'><strong>rem</strong></span> <span class='ocrx_word' id='word_1_371' title='bbox 4057 3412 4159 3476; x_wconf 83' lang='lat' dir='ltr'><strong>fa·</strong></span> <span class='ocrx_word' id='word_1_372' title='bbox 4209 3481 4216 3487; x_wconf 51' lang='grc'>,</span> 
     </span>
     <span class='ocr_line' id='line_1_65' title="bbox 2655 3510 4156 3595; baseline -0.003 -14"><span class='ocrx_word' id='word_1_373' title='bbox 2655 3517 2953 3581; x_wconf 88' lang='lat' dir='ltr'><strong>ciendam</strong></span> <span class='ocrx_word' id='word_1_374' title='bbox 3002 3515 3209 3580; x_wconf 78' lang='lat' dir='ltr'><strong>valuit</strong></span> <span class='ocrx_word' id='word_1_375' title='bbox 3233 3559 3252 3592; x_wconf 96' lang='lat'><strong>,</strong></span> <span class='ocrx_word' id='word_1_376' title='bbox 3290 3511 3553 3576; x_wconf 83' lang='lat' dir='ltr'><strong>facilem</strong></span> <span class='ocrx_word' id='word_1_377' title='bbox 3598 3510 3772 3595; x_wconf 87' lang='lat' dir='ltr'><strong>apud</strong></span> <span class='ocrx_word' id='word_1_378' title='bbox 3814 3514 4156 3577; x_wconf 81' lang='lat' dir='ltr'><strong>Romanos</strong></span> 
     </span>
     <span class='ocr_line' id='line_1_66' title="bbox 2653 3612 4162 3703; baseline -0.004 -20"><span class='ocrx_word' id='word_1_379' title='bbox 2653 3619 2901 3683; x_wconf 84' lang='lat' dir='ltr'><strong>aditum</strong></span> <span class='ocrx_word' id='word_1_380' title='bbox 2958 3615 3229 3703; x_wconf 89' lang='lat' dir='ltr'><strong>reperit.</strong></span> <span class='ocrx_word' id='word_1_381' title='bbox 3315 3612 3548 3676; x_wconf 86' lang='lat' dir='ltr'><strong>Adhuc</strong></span> <span class='ocrx_word' id='word_1_382' title='bbox 3601 3626 3813 3676; x_wconf 89' lang='lat' dir='ltr'><strong>stante</strong></span> <span class='ocrx_word' id='word_1_383' title='bbox 3869 3633 4012 3699; x_wconf 90' lang='lat' dir='ltr'><strong>rep.</strong></span> <span class='ocrx_word' id='word_1_384' title='bbox 4067 3615 4162 3694; x_wconf 73' lang='lat' dir='ltr'><strong>ab,</strong></span> 
     </span>
     <span class='ocr_line' id='line_1_67' title="bbox 2650 3710 4154 3799; baseline -0.003 -15"><span class='ocrx_word' id='word_1_385' title='bbox 2650 3721 2934 3799; x_wconf 75' lang='lat' dir='ltr'><strong>Aemilio</strong></span> <span class='ocrx_word' id='word_1_386' title='bbox 2960 3716 3196 3783; x_wconf 90' lang='lat' dir='ltr'><strong>Paullo</strong></span> <span class='ocrx_word' id='word_1_387' title='bbox 3233 3715 3302 3777; x_wconf 89' lang='lat' dir='ltr'><strong>in</strong></span> <span class='ocrx_word' id='word_1_388' title='bbox 3326 3710 3661 3797; x_wconf 86' lang='lat' dir='ltr'><strong>triumpho</strong></span> <span class='ocrx_word' id='word_1_389' title='bbox 3698 3731 3784 3776; x_wconf 84' lang='lat' dir='ltr'><strong>ex</strong></span> <span class='ocrx_word' id='word_1_390' title='bbox 3809 3714 3982 3779; x_wconf 81' lang='lat' dir='ltr'><strong>victa</strong></span> <span class='ocrx_word' id='word_1_391' title='bbox 4010 3719 4154 3781; x_wconf 71' lang='lat' dir='ltr'><strong>Ma·</strong></span> 
     </span>
     <span class='ocr_line' id='line_1_68' title="bbox 2652 3808 4153 3904; baseline -0.003 -19"><span class='ocrx_word' id='word_1_392' title='bbox 2652 3820 2929 3886; x_wconf 88' lang='lat' dir='ltr'><strong>cedonia</strong></span> <span class='ocrx_word' id='word_1_393' title='bbox 2974 3808 3305 3904; x_wconf 75' lang='lat' dir='ltr'><strong>praelatae</strong></span> <span class='ocrx_word' id='word_1_394' title='bbox 3367 3835 3651 3880; x_wconf 85' lang='lat' dir='ltr'><strong>coronae</strong></span> <span class='ocrx_word' id='word_1_395' title='bbox 3698 3835 3936 3881; x_wconf 89' lang='lat' dir='ltr'><strong>aureae</strong></span> <span class='ocrx_word' id='word_1_396' title='bbox 3969 3816 4153 3895; x_wconf 87' lang='lat' dir='ltr'><strong>CD.,</strong></span> 
     </span>
     <span class='ocr_line' id='line_1_69' title="bbox 2652 3915 4151 4000; baseline -0.001 -15"><span class='ocrx_word' id='word_1_397' title='bbox 2652 3945 2690 3985; x_wconf 89' lang='lat' dir='ltr'><strong>a</strong></span> <span class='ocrx_word' id='word_1_398' title='bbox 2725 3922 2972 3985; x_wconf 84' lang='lat' dir='ltr'><strong>Manlio</strong></span> <span class='ocrx_word' id='word_1_399' title='bbox 3019 3940 3101 3984; x_wconf 79' lang='lat' dir='ltr'><strong>ex</strong></span> <span class='ocrx_word' id='word_1_400' title='bbox 3149 3917 3324 3983; x_wconf 78' lang='lat' dir='ltr'><strong>victa</strong></span> <span class='ocrx_word' id='word_1_401' title='bbox 3377 3915 3834 3999; x_wconf 88' lang='lat' dir='ltr'><strong>Gallograecia</strong></span> <span class='ocrx_word' id='word_1_402' title='bbox 3883 3918 4048 4000; x_wconf 88' lang='lat' dir='ltr'><strong>CC.;</strong></span> <span class='ocrx_word' id='word_1_403' title='bbox 4110 3941 4151 3982; x_wconf 82' lang='lat' dir='ltr'><strong>a</strong></span> 
     </span>
     <span class='ocr_line' id='line_1_70' title="bbox 2652 4018 4148 4117; baseline -0.004 -30"><span class='ocrx_word' id='word_1_404' title='bbox 2652 4027 2732 4088; x_wconf 90' lang='grc' dir='ltr'><strong>Τ.</strong></span> <span class='ocrx_word' id='word_1_405' title='bbox 2772 4022 3083 4117; x_wconf 80' lang='lat' dir='ltr'><strong>Quinctio</strong></span> <span class='ocrx_word' id='word_1_406' title='bbox 3116 4041 3201 4084; x_wconf 84' lang='lat' dir='ltr'><strong>ex</strong></span> <span class='ocrx_word' id='word_1_407' title='bbox 3232 4019 3407 4083; x_wconf 75' lang='lat' dir='ltr'><strong>victa</strong></span> <span class='ocrx_word' id='word_1_408' title='bbox 3429 4018 3819 4113; x_wconf 72' lang='lat' dir='ltr'><strong>Macedonia</strong></span> <span class='ocrx_word' id='word_1_409' title='bbox 3870 4019 4100 4089; x_wconf 80' lang='lat' dir='ltr'><strong>CXIV.</strong></span> <span class='ocrx_word' id='word_1_410' title='bbox 4123 4065 4148 4098; x_wconf 91' lang='lat'><strong>,</strong></span> 
     </span>
     <span class='ocr_line' id='line_1_71' title="bbox 2648 4119 4172 4212; baseline -0.001 -23"><span class='ocrx_word' id='word_1_411' title='bbox 2648 4147 2807 4212; x_wconf 86' lang='lat' dir='ltr'><strong>quas</strong></span> <span class='ocrx_word' id='word_1_412' title='bbox 2852 4124 3152 4189; x_wconf 82' lang='lat' dir='ltr'><strong>civitates</strong></span> <span class='ocrx_word' id='word_1_413' title='bbox 3193 4121 3486 4185; x_wconf 86' lang='lat' dir='ltr'><strong>Graecae</strong></span> <span class='ocrx_word' id='word_1_414' title='bbox 3520 4119 3884 4184; x_wconf 80' lang='lat' dir='ltr'><strong>victoribus</strong></span> <span class='ocrx_word' id='word_1_415' title='bbox 3934 4120 4172 4195; x_wconf 80' lang='lat' dir='ltr'><strong>hono·‚</strong></span> 
     </span>
    </p>
   </div>
   <div class='ocr_carea' id='block_1_6' title="bbox 1043 4219 4214 4311">
    <p class='ocr_par' dir='ltr' id='par_1_8' title="bbox 1043 4219 4214 4311">
     <span class='ocr_line' id='line_1_72' title="bbox 1043 4219 4214 4311; baseline 0 -27"><span class='ocrx_word' id='word_1_416' title='bbox 1043 4220 1257 4307; x_wconf 78' lang='lat' dir='ltr'><strong>figura</strong></span> <span class='ocrx_word' id='word_1_417' title='bbox 1318 4244 1513 4309; x_wconf 81' lang='lat' dir='ltr'><strong>manu</strong></span> <span class='ocrx_word' id='word_1_418' title='bbox 1558 4219 1829 4285; x_wconf 85' lang='lat' dir='ltr'><strong>dextera</strong></span> <span class='ocrx_word' id='word_1_419' title='bbox 1888 4220 2190 4309; x_wconf 81' lang='lat' dir='ltr'><strong>porrigit.</strong></span> <span class='ocrx_word' id='word_1_420' title='bbox 2264 4228 2352 4297; x_wconf 56' lang='lat' dir='ltr'><strong>In,</strong></span> <span class='ocrx_word' id='word_1_421' title='bbox 2386 4225 2534 4290; x_wconf 84' lang='lat' dir='ltr'><strong>aliis</strong></span> <span class='ocrx_word' id='word_1_422' title='bbox 2645 4228 2742 4290; x_wconf 89' lang='lat' dir='ltr'><strong>ris</strong></span> <span class='ocrx_word' id='word_1_423' title='bbox 2774 4247 2936 4311; x_wconf 88' lang='lat' dir='ltr'><strong>ergo</strong></span> <span class='ocrx_word' id='word_1_424' title='bbox 2956 4269 2975 4302; x_wconf 93' lang='lat'><strong>,</strong></span> <span class='ocrx_word' id='word_1_425' title='bbox 3028 4222 3251 4289; x_wconf 78' lang='lat' dir='ltr'><strong>verius</strong></span> <span class='ocrx_word' id='word_1_426' title='bbox 3300 4242 3492 4285; x_wconf 88' lang='lat' dir='ltr'><strong>causa</strong></span> <span class='ocrx_word' id='word_1_427' title='bbox 3534 4219 3891 4305; x_wconf 87' lang='lat' dir='ltr'><strong>captandae</strong></span> <span class='ocrx_word' id='word_1_428' title='bbox 3937 4221 4214 4301; x_wconf 23' lang='lat' dir='ltr'><strong>bene-,t</strong></span> 
     </span>
    </p>
   </div>
   <div class='ocr_carea' id='block_1_7' title="bbox 1039 4320 2525 4511">
    <p class='ocr_par' dir='ltr' id='par_1_9' title="bbox 1039 4320 2525 4511">
     <span class='ocr_line' id='line_1_73' title="bbox 1039 4320 1902 4400; baseline 0.002 -16"><span class='ocrx_word' id='word_1_429' title='bbox 1039 4320 1377 4386; x_wconf 78' lang='lat' dir='ltr'><strong>luculenta</strong></span> <span class='ocrx_word' id='word_1_430' title='bbox 1449 4338 1552 4386; x_wconf 90' lang='lat' dir='ltr'><strong>est</strong></span> <span class='ocrx_word' id='word_1_431' title='bbox 1623 4344 1902 4400; x_wconf 91' lang='lat' dir='ltr'><strong>corona,</strong></span> 
     </span>
     <span class='ocr_line' id='line_1_74' title="bbox 1039 4422 2525 4511; baseline 0.003 -23"><span class='ocrx_word' id='word_1_432' title='bbox 1039 4424 1194 4500; x_wconf 85' lang='lat' dir='ltr'><strong>stri,</strong></span> <span class='ocrx_word' id='word_1_433' title='bbox 1273 4436 1385 4487; x_wconf 89' lang='lat' dir='ltr'><strong>aut</strong></span> <span class='ocrx_word' id='word_1_434' title='bbox 1442 4443 1674 4507; x_wconf 89' lang='lat' dir='ltr'><strong>capsae</strong></span> <span class='ocrx_word' id='word_1_435' title='bbox 1730 4422 2048 4508; x_wconf 84' lang='lat' dir='ltr'><strong>quaedam</strong></span> <span class='ocrx_word' id='word_1_436' title='bbox 2083 4428 2363 4511; x_wconf 86' lang='lat' dir='ltr'><strong>species.</strong></span> <span class='ocrx_word' id='word_1_437' title='bbox 2448 4432 2525 4493; x_wconf 90' lang='lat' dir='ltr'><strong>In</strong></span> 
     </span>
    </p>
   </div>
   <div class='ocr_carea' id='block_1_8' title="bbox 1995 4321 4146 4408">
    <p class='ocr_par' dir='ltr' id='par_1_10' title="bbox 1995 4321 4146 4408">
     <span class='ocr_line' id='line_1_75' title="bbox 1995 4321 4146 4408; baseline 0.002 -22"><span class='ocrx_word' id='word_1_438' title='bbox 1995 4323 2065 4386; x_wconf 86' lang='lat' dir='ltr'><strong>in</strong></span> <span class='ocrx_word' id='word_1_439' title='bbox 2139 4325 2286 4391; x_wconf 90' lang='lat' dir='ltr'><strong>aliis</strong></span> <span class='ocrx_word' id='word_1_440' title='bbox 2361 4329 2536 4394; x_wconf 90' lang='lat' dir='ltr'><strong>cani-</strong></span> <span class='ocrx_word' id='word_1_441' title='bbox 2646 4327 2979 4399; x_wconf 76' lang='lat' dir='ltr'><strong>valentiae</strong></span> <span class='ocrx_word' id='word_1_442' title='bbox 3010 4325 3094 4395; x_wconf 88' lang='lat' dir='ltr'><strong>ad</strong></span> <span class='ocrx_word' id='word_1_443' title='bbox 3127 4321 3529 4408; x_wconf 86' lang='lat' dir='ltr'><strong>triumphum</strong></span> <span class='ocrx_word' id='word_1_444' title='bbox 3561 4322 3885 4400; x_wconf 79' lang='lat' dir='ltr'><strong>obtulere.</strong></span> <span class='ocrx_word' id='word_1_445' title='bbox 3962 4322 4146 4392; x_wconf 76' lang='lat' dir='ltr'><strong>Vide</strong></span> 
     </span>
    </p>
   </div>
   <div class='ocr_carea' id='block_1_9' title="bbox 2648 4422 4144 4514">
    <p class='ocr_par' dir='ltr' id='par_1_11' title="bbox 2648 4422 4144 4514">
     <span class='ocr_line' id='line_1_76' title="bbox 2648 4422 4144 4514; baseline -0.006 -19"><span class='ocrx_word' id='word_1_446' title='bbox 2648 4431 2734 4495; x_wconf 89' lang='lat' dir='ltr'><strong>de</strong></span> <span class='ocrx_word' id='word_1_447' title='bbox 2806 4428 2910 4492; x_wconf 84' lang='lat' dir='ltr'><strong>his</strong></span> <span class='ocrx_word' id='word_1_448' title='bbox 2984 4426 3268 4491; x_wconf 85' lang='lat' dir='ltr'><strong>Livium.</strong></span> <span class='ocrx_word' id='word_1_449' title='bbox 3357 4422 3572 4514; x_wconf 78' lang='lat' dir='ltr'><strong>Quam</strong></span> <span class='ocrx_word' id='word_1_450' title='bbox 3642 4422 3941 4508; x_wconf 87' lang='lat' dir='ltr'><strong>copiosas</strong></span> <span class='ocrx_word' id='word_1_451' title='bbox 4021 4440 4144 4488; x_wconf 85' lang='lat' dir='ltr'><strong>eo·</strong></span> 
     </span>
    </p>
   </div>
   <div class='ocr_carea' id='block_1_10' title="bbox 1035 4522 4131 4608">
    <p class='ocr_par' dir='ltr' id='par_1_12' title="bbox 1035 4522 4131 4608">
     <span class='ocr_line' id='line_1_77' title="bbox 1035 4522 4131 4608; baseline -0.001 -15"><span class='ocrx_word' id='word_1_452' title='bbox 1035 4524 1239 4593; x_wconf 78' lang='lat' dir='ltr'><strong>numo</strong></span> <span class='ocrx_word' id='word_1_453' title='bbox 1289 4523 1678 4589; x_wconf 77' lang='lat' dir='ltr'><strong>PARTHIA</strong></span> <span class='ocrx_word' id='word_1_454' title='bbox 1710 4538 1813 4589; x_wconf 86' lang='lat' dir='ltr'><strong>est</strong></span> <span class='ocrx_word' id='word_1_455' title='bbox 1857 4543 2101 4591; x_wconf 85' lang='lat' dir='ltr'><strong>corona</strong></span> <span class='ocrx_word' id='word_1_456' title='bbox 2128 4527 2411 4608; x_wconf 84' lang='lat' dir='ltr'><strong>radiata,</strong></span> <span class='ocrx_word' id='word_1_457' title='bbox 2452 4532 2523 4596; x_wconf 86' lang='lat' dir='ltr'><strong>in</strong></span> <span class='ocrx_word' id='word_1_458' title='bbox 2639 4531 2790 4596; x_wconf 93' lang='lat' dir='ltr'><strong>dem</strong></span> <span class='ocrx_word' id='word_1_459' title='bbox 2831 4527 3099 4594; x_wconf 87' lang='lat' dir='ltr'><strong>nomine</strong></span> <span class='ocrx_word' id='word_1_460' title='bbox 3141 4522 3486 4591; x_wconf 84' lang='lat' dir='ltr'><strong>abstulerit</strong></span> <span class='ocrx_word' id='word_1_461' title='bbox 3514 4526 3567 4586; x_wconf 92' lang='lat'><strong>1.</strong></span> <span class='ocrx_word' id='word_1_462' title='bbox 3604 4523 3882 4602; x_wconf 88' lang='lat' dir='ltr'><strong>Caesar,</strong></span> <span class='ocrx_word' id='word_1_463' title='bbox 3929 4522 4131 4589; x_wconf 80' lang='lat' dir='ltr'><strong>doce·</strong></span> 
     </span>
    </p>
   </div>
   <div class='ocr_carea' id='block_1_11' title="bbox 1044 4667 4145 4695">
    <p class='ocr_par' dir='ltr' id='par_1_13' title="bbox 1044 4667 4145 4695">
     <span class='ocr_line' id='line_1_78' title="bbox 1044 4667 4145 4695; baseline 0 889"><span class='ocrx_word' id='word_1_464' title='bbox 1044 4667 4145 4695; x_wconf 95' lang='lat' dir='ltr'><strong> </strong></span> 
     </span>
    </p>
   </div>
   <div class='ocr_carea' id='block_1_12' title="bbox 1147 4728 2018 4829">
    <p class='ocr_par' dir='ltr' id='par_1_14' title="bbox 1147 4728 2018 4829">
     <span class='ocr_line' id='line_1_79' title="bbox 1147 4728 2018 4829; baseline -0.001 -22"><span class='ocrx_word' id='word_1_465' title='bbox 1147 4751 1210 4823; x_wconf 82' lang='lat' dir='ltr'><strong>a)</strong></span> <span class='ocrx_word' id='word_1_466' title='bbox 1249 4728 1519 4829; x_wconf 68' lang='lat' dir='ltr'><strong>Thucyd-</strong></span> <span class='ocrx_word' id='word_1_467' title='bbox 1558 4746 1621 4807; x_wconf 88' lang='lat' dir='ltr'><strong>L.</strong></span> <span class='ocrx_word' id='word_1_468' title='bbox 1657 4747 1763 4815; x_wconf 79' lang='lat' dir='ltr'><strong>IV.</strong></span> <span class='ocrx_word' id='word_1_469' title='bbox 1803 4767 1854 4813; x_wconf 85' lang='lat' dir='ltr'><strong>c.</strong></span> <span class='ocrx_word' id='word_1_470' title='bbox 1894 4760 2018 4816; x_wconf 77' lang='lat'><strong>121.</strong></span> 
     </span>
    </p>
   </div>
   <div class='ocr_carea' id='block_1_13' title="bbox 2218 4752 2910 4831">
    <p class='ocr_par' dir='ltr' id='par_1_15' title="bbox 2218 4752 2910 4831">
     <span class='ocr_line' id='line_1_80' title="bbox 2218 4752 2910 4831; baseline -0.004 -17"><span class='ocrx_word' id='word_1_471' title='bbox 2218 4752 2293 4831; x_wconf 81' lang='lat' dir='ltr'><strong>b)</strong></span> <span class='ocrx_word' id='word_1_472' title='bbox 2311 4754 2497 4823; x_wconf 16' lang='lat' dir='ltr'><strong>XOrat.</strong></span> <span class='ocrx_word' id='word_1_473' title='bbox 2538 4755 2615 4818; x_wconf 83' lang='lat' dir='ltr'><strong>de</strong></span> <span class='ocrx_word' id='word_1_474' title='bbox 2654 4756 2910 4819; x_wconf 80' lang='lat' dir='ltr'><strong>Corona.</strong></span> 
     </span>
    </p>
   </div>
   <div class='ocr_carea' id='block_1_14' title="bbox 4421 548 4447 4521">
    <p class='ocr_par' dir='ltr' id='par_1_16' title="bbox 4421 548 4447 4521">
     <span class='ocr_line' id='line_1_81' title="bbox 4421 548 4447 4521; baseline 0 0"><span class='ocrx_word' id='word_1_475' title='bbox 4421 548 4447 4521; x_wconf 95' lang='lat' dir='ltr'><strong> </strong></span> 
     </span>
    </p>
   </div>
   <div class='ocr_carea' id='block_1_15' title="bbox 4430 4706 4437 5515">
    <p class='ocr_par' dir='ltr' id='par_1_17' title="bbox 4430 4706 4437 5515">
     <span class='ocr_line' id='line_1_82' title="bbox 4430 4706 4437 5515; baseline 0 0"><span class='ocrx_word' id='word_1_476' title='bbox 4430 4706 4437 5515; x_wconf 95' lang='lat' dir='ltr'><strong> </strong></span> 
     </span>
    </p>
   </div>
  </div>
 </body>
</html>
