4475 5584
2039 506 2665 600 commu.
2736 451 3170 582 PAVLAJ

1827 767 1839 790 ⁶
1898 776 2214 846 ιγιιΑ
2287 776 2834 842 eamve-MA
2906 774 3282 840 Pana.

1160 993 1328 1058 Eam
1369 982 1782 1051 nobilissimo
1827 995 1971 1046 satu
2014 981 2258 1046 editam
2314 978 2531 1044 refert

949 1108 958 1118 ·
1028 1090 1451 1155 ‘Herodianus
1501 1091 1587 1166 ⁸),
1633 1099 1828 1169 atque
1872 1084 1941 1146 id
1980 1083 2165 1166 jure,
2213 1083 2269 1146 si
2304 1102 2388 1146 ex
2416 1100 2530 1147 ve-

1030 1209 1180 1258 tere
1253 1202 1450 1276 gente
1520 1187 1833 1252 Cornelia
1910 1185 2236 1269 originem
2306 1181 2525 1245 traxit.

1032 1296 1234 1357 Certe
1286 1288 1658 1354 Corneliam
1701 1307 1845 1350 eam
1890 1285 2220 1369 appellant
2267 1281 2400 1345 Dio
2440 1278 2525 1360 b),

1034 1409 1103 1457 et
1148 1390 1334 1455 numi
1379 1388 1654 1451 externi.
1743 1387 1948 1448 Iuliae
2007 1404 2286 1460 nomen,
2329 1379 2528 1467 'quod

968 1516 973 1522 ·
1031 1496 1097 1558 ei
1151 1492 1331 1556 numi
1382 1490 1621 1574 passim
1668 1488 2006 1562 tribuunt,
2067 1485 2235 1547 nihil
2289 1484 2370 1546 ad
2407 1502 2520 1567 ge-

1028 1594 1211 1658 neris
1298 1589 1759 1655 claritudinem
1846 1585 2143 1663 confert,
2216 1584 2525 1669 quoniam

1012 1699 1362 1780 ‘Augustae
1398 1692 1524 1754 hac
1562 1705 1773 1753 aetate
1816 1711 1853 1751 a
1880 1686 2139 1749 Domna
2183 1705 2392 1770 usque
2441 1684 2528 1748 ad

1029 1798 1428 1868 Mamaeam,
1472 1790 1542 1852 id
1588 1810 1829 1854 nomen
1879 1786 2332 1863 adfecta-hant,
2374 1805 2530 1871 per-

1027 1896 1187 1961 inde
1221 1915 1296 1958 ac
1333 1892 1613 1978 Augusti
1644 1889 2155 1978 appellationem
2187 1875 2525 1967 Antonini,

1028 2013 1102 2062 nt
1136 1997 1266 2081 jam
1306 1987 1679 2058 observavit
1714 1990 2148 2075 Spanhemius
2179 1988 2260 2068 θ).
2321 1992 2526 2054 Teste

1010 2100 1248 2162 {Dione
1292 2089 1357 2175 d)
1418 2094 1600 2156 illam
1667 2091 1853 2153 duxit
1895 2090 2326 2176 Elagabalus,
2391 2109 2525 2175 quo

1027 2198 1354 2273 celerius,
1414 2208 1489 2258 ut
1548 2189 1808 2277 ajebat,
1868 2205 2058 2275 pater
2121 2191 2336 2256 fieret.
2420 2194 2528 2255 Ex

1024 2299 1269 2389 quibus
1317 2296 1575 2373 verbis,
1619 2309 1758 2384 tum
1819 2307 1886 2356 et
1927 2292 2291 2358 Herodiani
2318 2338 2337 2370 ‚
2378 2314 2527 2359 eam

1026 2403 1100 2472 in
1128 2420 1410 2465 uxorum
1438 2397 1736 2480 catalogo
1765 2396 2045 2480 primam
2078 2397 2413 2461 recitantis
2444 2399 2525 2482 e),

918 2545 927 2554 .
1025 2518 1226 2588 atque
1276 2499 1473 2563 etiam
1520 2499 1736 2559 numis
1784 2496 2095 2573 Graecis,
2142 2518 2306 2583 quos
2354 2498 2527 2564 infra

1024 2603 1485 2690 proferemus,
1518 2611 1802 2662 ‘certum
1862 2595 1938 2660 fit
1995 2614 2223 2662 contra
2278 2600 2526 2663 'Prista-

1027 2725 1223 2777 num‚
1260 2713 1349 2765 ‘et
1403 2699 1870 2784 Spanhemium
1921 2696 2018 2781 f),
2078 2701 2348 2764 Paulam
2410 2721 2528 2766 no-

1027 2821 1234 2872 stram
1305 2791 1713 2890 nequaquam
1788 2801 2021 2866 ordine
2111 2801 2524 2879 movendam,

1027 2909 1227 2995 eique
1289 2903 1631 2988 tempos-e,
1692 2903 1870 2989 quod
1930 2903 2278 2982 volebant,
2339 2897 2529 2989 prae'·

1026 3007 1375 3074 ferendam
1409 3006 1686 3068 Anniam
1728 3004 2144 3081 Faustinam,
2190 3026 2385 3089 quam
2422 3025 2528 3071 re-

1025 3130 1194 3176 vera
1227 3108 1432 3171 fuisse
1475 3119 1875 3189 postremam
1920 3125 2075 3169 mox
2122 3104 2526 3171 docebimus.

1027 3216 1395 3295 Augustam
1452 3206 1762 3269 continuo
1814 3206 2181 3292 appellavit
2230 3207 2526 3284 maritus,

1031 3309 1424 3393 nuptiasque
1471 3306 1710 3369 eximia
1758 3307 1827 3368 in
1890 3328 2119 3370 omnes
2172 3306 2532 3370 liberalita-

1029 3423 1146 3485 te,
1204 3421 1274 3470 et
1339 3406 1700 3492 magnificis
1775 3406 1952 3470 ludis
2032 3406 2394 3473 celebravit
2439 3408 2525 3486 8).

1026 3509 1310 3575 Factum
1369 3507 1549 3571 istud
1603 3511 1682 3576 V.
1747 3510 1825 3573 C.
1873 3525 2036 3594 972,
2093 3508 2271 3572 haud
2327 3507 2527 3578 dubie

1035 3610 1263 3696 paullo
1312 3622 1579 3693 postea,
1633 3625 1840 3694 quam
1906 3630 1991 3674 ex
2034 3610 2345 3693 Bithynia
2397 3613 2531 3674 Ro-

1032 3730 1210 3775 mam
1260 3701 1587 3793 pervenit.
1672 3713 1760 3774 At
1812 3712 2118 3797 quoniam
2169 3714 2345 3778 malo
2408 3733 2528 3778 suo

1030 3812 1365 3878 occultam
1417 3811 1489 3874 in
1540 3833 1833 3898 'corpore
1898 3815 2218 3877 maculam
2280 3812 2528 3893 babuit,

1030 3927 1107 3978 ut
1137 3925 1413 3976 testatus
1444 3928 1547 3977 est
1588 3929 1855 3998 autopta
1897 3915 2330 3999 Elagabalus,
2376 3915 2529 3978 satis

969 4017 976 4025 ’
1020 4035 1271 4081 ·causae
1310 4016 1522 4080 visum
1557 4038 1821 4080 moroso
1865 4017 2140 4090 marite,
2186 4036 2307 4079 cur
2337 4035 2533 4100 repu-

1034 4115 1206 4180 diata
1256 4116 1373 4180 illa
1414 4118 1507 4181 ‘ad
1569 4111 1727 4182 alias
1776 4119 2036 4203 nuptias
2086 4116 2399 4180 transiret
2442 4114 2530 4198 h).

1032 4217 1210 4284 Huic
1265 4218 1450 4283 illam
1496 4220 1847 4285 calamitati
1901 4240 2034 4282 non
2083 4231 2233 4283 ante
2283 4229 2535 4282 autum·

1029 4336 1188 4384 num
1247 4322 1329 4390 V.
1377 4323 1451 4386 C.
1498 4323 1621 4402 973
1677 4320 1882 4384 fuisse
1930 4319 2331 4398 involutam,
2374 4339 2531 4383 mox

1035 4439 1125 4484 ex
1155 4420 1373 4486 numis
1424 4422 1692 4486 Graecis
1730 4420 2217 4488 demonstrabo.
2276 4423 2544 4514 iussam

2643 978 2958 1062 deinceps
2989 973 3312 1061 ademptis
3342 972 3642 1039 omnibus
3664 972 3994 1059 Augustae
4017 974 4141 1037 bo·

2640 1081 2916 1143 nuribus
2969 1080 3288 1164 privatam
3338 1076 3535 1142 vitam
3581 1094 3814 1160 agere,
3859 1087 4139 1138 testatur

2639 1179 2890 1243 ibidem
2937 1179 3379 1245 Herodianus.
3453 1176 3616 1260 Ejus
3664 1177 3992 1262 reliquum
4041 1174 4139 1239 fa-

2639 1294 2778 1344 tum
2813 1282 3184 1367 ignoratur.

3244 1484 3545 1549 Numi:

2857 1683 2876 1710 ⁸
2926 1687 3187 1755 1VL1A.
3231 1683 3543 1753 PAVLA.
3586 1683 3788 1752 AVG.
3846 1688 3919 1747 in
3960 1688 4136 1749 omni

2926 1792 3187 1851 metallo
3228 1799 3296 1850 et
3312 1789 3555 1868 forma.

2924 1890 3186 1958 tvLIA.
3222 1887 3540 1956 PAVLA.
3584 1885 4020 1958 AVGVSTA.
4064 1890 4139 1951 ἕο

2923 1994 3068 2052 ΑΕ.
3103 1993 3159 2052 1.

2643 2089 3179 2154 CONCORmA.
3210 2093 3351 2153 vel.-
3382 2087 3911 2153 CONCORDIA.
3933 2088 4136 2158 AVG.

2641 2194 2785 2253 vel.-
2832 2191 3826 2256 CONCORDIA-AETERNA.
3874 2195 4145 2262 Concor-

2640 2295 2756 2354 dia
2785 2297 3028 2357 sedens.
3070 2295 3144 2355 In
3179 2292 3360 2356 aliis:
3406 2296 3808 2374 Elagabalus
3843 2305 3910 2356 et
3922 2295 4142 2356 Paula

2641 2404 2885 2456 stantes
2902 2438 2921 2472 ,
2964 2405 3032 2457 et
3070 2400 3370 2458 deoeteras
3407 2393 3757 2476 jungentes
3774 2439 3792 2472 ,
3835 2399 4140 2459 adstante

2641 2514 3092 2578 nonnunquam
3105 2500 3175 2558 in
3199 2518 3418 2559 earnm
3429 2500 3637 2559 medio
3659 2501 3870 2578 fiqura
3893 2499 4141 2560 velata.

2768 2595 2968 2657 Numi
3000 2596 3114 2659 alii
3144 2616 3294 2660 cum
3325 2596 3496 2677 typis
3517 2596 3763 2659 obviis=
3809 2596 4131 2665 VENVS.

2642 2696 3089 2759 GENJme.
3148 2729 3233 2745 -
3307 2681 3794 2762 FEmelTAs.
3866 2696 4148 2770 AVGV·

2643 2798 2996 2861 S'l'A.·et·c.
3831 2809 3850 2834 ⁴·

2913 3004 3114 3067 Numi
3152 3006 3484 3066 commatis
3516 3006 3864 3089 pereqrini.

2769 3191 3215 3290 Ejus'generis
3240 3206 3618 3292 complures
3641 3208 3707 3270 in
3740 3206 3980 3269 muscis
4001 3225 4145 3268 ser-

2641 3320 2897 3371 vantur.
2959 3310 3033 3369 In
3077 3307 3347 3372 Graecis
3388 3328 3586 3392 saepe
3622 3309 3900 3393 legiturz
3947 3303 4142 3369 10⁸1·-

2641 3403 2834 3468 AIA.
2866 3404 3767 3476 ΚΟΡΝΗΛΙΑᾸῚΑΤΛΑ.
3811 3409 4144 3472 Illustrio·

2642 3529 2753 3572 res
2785 3522 2936 3571 sunt
2963 3509 3042 3586 ii,
3088 3510 3198 3595 qui
3233 3531 3355 3594 per
3390 3499 3740 3595 inscriptos
3771 3532 3972 3574 annos
3992 3510 4141 3591 ejus

2634 3622 2943 3695 tempera
3011 3613 3343 3696 copiosius
3395 3612 3746 3675 illustrant.
3830 3612 4140 3674 Diximus

2642 3708 2848 3773 fuisse
2897 3726 3164 3797 nuptam
3209 3714 3294 3778 V.
3333 3715 3406 3777 C.
3451 3732 3599 3797 972.
3648 3717 3813 3778 Cum
3854 3714 3985 3778 hoc
4025 3735 4146 3777 an-

2641 3811 2962 3878 no‘facile
3016 3828 3500 3899 componuntur
3538 3816 3719 3877 numi
3752 3816 4142 3879 Alexandri·

2642 3914 2714 3977 ni
2750 3937 2883 3979 non
2930 3913 3380 4000 infrequentes
3413 3916 3711 4000 inscripti
3743 3917 3824 3981 1..
3863 3912 3942 3981 Γ.
4027 3920 4139 3982 Ex

2635 4034 2876 4080 eorum
2915 4016 3181 4108 cognito
3214 4004 3470 4080 calculo
3512 4019 3736 4103 coepit
3761 4033 3981 4082 ‘annus
4022 4020 4136 4082 111.

2636 4131 2928 4180 exeunte
2950 4119 3245 4201 Augusto
3262 4119 3565 4202 ejusdem
3578 4121 3759 4185 anni.
3790 4120 4008 4183 Alium
4045 4120 4139 4185 ci·

2645 4231 2739 4282 tat
2762 4217 3148 4286 Vaillantius
3171 4264 3188 4296 ‚
3224 4211 3738 4284 Alexandrinum
3773 4221 3933 4285 item
3979 4241 4134 4285 cum

2642 4340 2812 4384 anno
2873 4318 2953 4386 Δ.
3037 4325 3223 4408 Ergo
3287 4334 3568 4386 exeunte
3618 4323 3917 4408 Augusto
3976 4323 4134 4393 anni

2640 4422 2767 4509 973
2823 4421 3037 4488 adhuc
3098 4429 3466 4509 Augustum
3522 4424 3786 4488 thorum
3859 4443 4135 4508 occupa·

1025 4575 4118 4608 mm

1105 4658 1171 4728 a)
1208 4654 1275 4714 in
1296 4656 1542 4735 Elagab.

1028 4743 1085 4816 0
1123 4742 1163 4801 l.
1203 4762 1254 4802 c.

1750 4657 1822 4729 b)
1862 4658 1923 4714 L.
1958 4657 2231 4722 LXXIX.
2264 4661 2315 4732 5.
2347 4677 2403 4737 9.

1474 4749 1543 4840 g)
1581 4745 1728 4815 Dio,
1771 4747 2097 4812 Herodian.
2135 4748 2199 4811 11.
2241 4768 2323 4809 cc.

3457 4665 3527 4738 d)
3567 4664 3688 4724 luc.
3721 4653 3742 4661 ’
3895 4669 3957 4739 e)
3995 4665 4034 4724 l.
4071 4687 4124 4724 c.
