4475 5584
970 405 1109 481 162
1933 395 2461 472 CLODIVS

963 585 1213 662 bellum
1275 581 1345 644 in
1398 580 1835 646 Pescennium
1893 580 2215 650 meditans
2274 578 2459 645 Albi-

955 707 1114 749 num
1138 728 1153 758 ,
1198 671 1388 746 suum
1424 684 1553 766 jam
1598 697 1825 769 aperte
1862 686 2209 746 Caesarem
2243 685 2300 763 ⁸)
2332 702 2456 766 per

956 785 1283 852 amicitiae
1348 787 1637 869 speciem
1692 784 1992 848 omnibus
2056 782 2294 846 officiis
2350 803 2458 845 or-

944 903 1101 964 nat,
1156 888 1496 952 consulem
1548 887 1789 949 iterum
1820 885 2159 970 designat,
2216 904 2451 946 numos

958 990 1102 1074 ejus
1139 989 1422 1074 imagine
1456 987 1646 1052 feriri
1674 987 1893 1069 jubet,
1948 986 2167 1049 eidem
2208 998 2450 1046 statuas

956 1091 1190 1175 erigit,
1235 1090 1391 1175 quin
1428 1103 1498 1152 et
1544 1090 1807 1174 imperii
1851 1106 2302 1154 successorem
2339 1085 2450 1148 de·

952 1188 1267 1274 stiunt-¹²).
1692 1179 1700 1186 “

1677 1291 1717 1329 εκ

1511 1337 1551 1374 ne
1840 1331 1881 1373 σε

947 1400 1023 1460 A.
1232 1398 1318 1459 D.
1339 1394 1598 1459 CLOD.
1625 1395 1867 1456 SEPT.
1888 1394 2174 1454 ALBIN.
2200 1387 2442 1453 CAES.

1239 1502 1442 1577 Caput
1473 1501 1711 1558 nudum
1751 1498 1821 1556 in
1859 1500 1996 1558 AB.
2029 1498 2170 1556 ΑΕ.
2212 1496 2267 1554 1.
2311 1496 2401 1557 ῙΙ.

940 1600 1017 1657 Β.
1222 1599 1306 1659 D.
1414 1597 1819 1662 CLODIVS.
1943 1597 2441 1662 SEPTIMVS.

1230 1698 1634 1765 ALBINVS.
1666 1698 1909 1760 CAES.
1954 1701 2155 1777 Caput
2182 1701 2442 1771 nudum,

1223 1802 1294 1861 in
1324 1804 1466 1861 ΑΕ.
1504 1820 1681 1860 max.
1728 1803 1896 1861 mod.

944 1904 1020 1963 C.
1154 1973 1165 1982 „
1235 1898 2166 1968 D.CLOD1VS.ALBINVS.
2198 1897 2442 1959 CAES.

1237 2005 1440 2081 Caput
1465 2005 1703 2063 nudum
1733 2003 1805 2060 in
1838 2004 1983 2062 AV.
2017 2012 2082 2062 et
2100 2002 2239 2062 Aa.
2379 2037 2386 2044 ·

943 2106 1027 2167 1).
1230 2102 1315 2163 D.
1371 2101 1500 2165 CL.
1556 2103 1802 2164 SEPT.
1860 2102 2147 2164 ALBIN.
2182 2100 2438 2165 >CAES.

1000 2203 1007 2210 ’
1233 2208 1436 2282 Caput
1462 2208 1702 2266 nudum
1733 2207 1804 2264 in
1844 2205 1985 2265 AV.
2020 2213 2086 2265 ct
2116 2206 2255 2265 AB.

1513 2345 1554 2386 ue
1679 2305 1745 2344 '⁸‘
1842 2346 1882 2385 t

1228 2409 1313 2469 Vt
1352 2411 1451 2470 lit.
1502 2410 1562 2470 C.
2383 2439 2392 2452 =

938 2508 1305 2578 PROVID.
1354 2508 1554 2575 AVG.
1584 2505 1781 2570 COS.
1862 2508 2097 2569 Mulier
2144 2518 2326 2569 stans
2378 2509 2440 2567 d.

934 2615 1248 2674 bacillum
1266 2655 1283 2686 ‚
1330 2631 1380 2671 c.
1409 2613 1693 2683 hastam,
1744 2593 1865 2689 pr'o
1885 2611 2157 2689 pedibus
2184 2610 2440 2691 ylobm.

941 2715 1083 2778 AV.
1118 2714 1256 2774 An.
1305 2711 1506 2791 (Mus.
1546 2710 1765 2790 Caes.)

1060 2812 1261 2875 Numi
1281 2811 1520 2896 reliqui
1541 2834 1558 2873 ε
1598 2807 2107 2875 CONCORDIA
2125 2843 2210 2854 —
2227 2807 2440 2872 FOR-

929 2916 1261 2984 TVNAE.
1294 2915 1722 2981 REDVCI—
1741 2912 2079 2975 ROMAE.
2109 2911 2440 2974 AETER-

927 3018 1113 3081 NAE
1144 3030 1270 3081 etc.
1300 3036 1463 3080 cum
1493 3015 1625 3077 suis
1655 3014 1849 3097 typis.

1264 3225 1347 3283 1².
1398 3222 1458 3281 C.
1499 3224 1646 3281 947.
1694 3219 1762 3279 Ρ.
1810 3218 1895 3279 Χ.
1945 3224 2085 3280 194.

1312 3320 1675 3382 CAESAR.
1726 3319 1900 3379 COS.
1951 3321 2037 3380 ΙΙ.

1045 3521 1337 3588 Albinus
1394 3519 1623 3584 consul
1675 3519 1758 3580 11.
1792 3517 2099 3601 procedit
2150 3518 2429 3603 conlega

937 3628 1192 3692 Severo
1238 3622 1561 3707 Augusto.
1648 3619 1949 3686 ‚Severus
1990 3620 2431 3684 Pescennium

940 3727 1253 3790 debellat.

1078 3830 1311 3889 Partes
1352 3824 1609 3889 amicae
1654 3837 1729 3887 ut
1778 3821 1863 3887 atl
1889 3842 2125 3885 annum
2154 3839 2431 3905 praece·

934 3928 1223 3991 dentem.
1632 4011 1646 4022 ·

1348 4093 1357 4102 .
1504 4071 1544 4110 ue
1667 4026 1707 4064 '¹‘
1832 4069 1872 4108 ue

1223 4134 1307 4191 Vt
1348 4131 1444 4193 tie.
1481 4131 1564 4191 A.
1672 4163 1681 4168 -

930 4232 1120 4298 COS.
1152 4231 1237 4295 11.
1297 4233 1729 4311 Aesculapius
1752 4240 1952 4292 stam.
2013 4230 2151 4291 AR.
2179 4225 2337 4310 LAE.
2377 4229 2423 4291 1.

931 4337 1136 4415 (Mus.
1186 4331 1370 4396 Caes.
1405 4330 1643 4405 Vaill.)

994 4585 1059 4650 a)
1117 4575 1443 4654 Capitolia.
1495 4578 1557 4632 in
1598 4574 1817 4635 Albino
1869 4597 1917 4635 c.
1956 4590 2044 4637 10.

922 4674 980 4743 c)
1019 4668 1132 4728 Dio
1164 4668 1235 4729 L.
1264 4665 1499 4730 LXXV.
1541 4670 1591 4740 ᾧ.
1620 4673 1675 4728 4.

2562 394 3105 471 ALBINVS.

2857 586 2942 644 Vt
2982 585 3079 646 lit.
3115 587 3198 646 A.

2574 679 2998 749 SAECVLO.
3033 685 3475 755 FECVNDO.
3508 686 3574 748 S.
3611 689 3683 752 C.
3721 691 3854 752 ΑΕ.
3898 696 3946 755 1.
3985 696 4064 757 11.
4105 703 4110 712 ‘

2572 782 2835 863 (Vaill.)
2896 788 2977 846 In
3024 790 3215 849 aliis.-
3281 787 3714 856 SAECVLO.
3765 794 4066 857 FRVGI-

2571 881 2836 949 FEBO.
2891 885 3190 952 COS.1L
3234 893 3374 951 vel:
3443 890 3681 954 SAEC.
3713 894 4061 961 FRVGIF.

2568 983 2759 1047 COS.
2807 987 2890 1050 ll.
2985 992 3101 1051 Vir
3145 993 3513 1052 seminudus
3563 999 3776 1074 capite
3806 1001 4063 1062 radiato

2565 1098 2747 1148 stans
2763 1091 2823 1148 d.
2842 1091 3189 1152 caduceum
3202 1111 3343 1152 cum
3356 1095 3553 1171 spicis
3568 1135 3586 1169 ‚
3633 1117 3685 1158 s.
3708 1100 4057 1163 tridentem.

2561 1188 2701 1251 AR.
2742 1191 2879 1251 ΑΕ.
2918 1192 2966 1260 1,
3000 1192 3078 1253 11.
3126 1194 3326 1271 (Mus.
3367 1193 3581 1271 Caes.)

2685 1290 2937 1354 Eadem
2968 1309 3202 1356 aversa
3229 1306 3331 1355 est
3361 1293 3562 1355 etiam
3591 1294 3658 1357 in
3686 1299 4062 1365 Severinu-

2559 1391 2684 1455 mis
2721 1392 3141 1474 synchronis,
3187 1415 3352 1478 quos
3385 1394 3562 1460 vide.

2687 1495 2886 1572 Numi
2922 1494 3168 1579 reliqui
3205 1494 3384 1560 obvii
3421 1512 3572 1564 sunt
3601 1505 3991 1586 argumenti.

2881 1702 2984 1762 .V.
3038 1700 3098 1761 C.
3148 1707 3295 1764 948.
3338 1703 3410 1762 Ρ.
3458 1704 3540 1768 Χ.
3592 1713 3733 1768 195.

2945 1803 3307 1864 CAESAR.
3353 1805 3532 1865 COS.
3578 1807 3669 1866 ΙΙ.

2685 2000 2869 2064 Nihil
2908 2000 2991 2065 de
3024 2002 3266 2067 Albino
3309 2005 3392 2067 ad
3425 2004 3603 2069 hunc
3635 2025 3871 2068 annum
3904 2028 4056 2092 pro-

2559 2102 2757 2166 ditur.
2806 2104 3092 2167 Severus
3128 2105 3195 2166 in
3231 2107 3509 2171 Oriente
3543 2105 3823 2170 Parthos
3845 2150 3861 2182 ,
3923 2109 4054 2171 Ad-

2554 2203 2826 2287 iabenos
2851 2249 2868 2280 ,
2913 2207 3161 2270 Arabas
3195 2209 3635 2291 persequitur.
3681 2189 3692 2209 ⁵

2680 2305 2784 2368 Ad
2811 2306 2992 2368 hunc
3026 2308 3221 2370 etiam
3239 2329 3476 2369 annum
3504 2308 3837 2395 pertinent
3867 2313 4050 2374 numi

2555 2404 2781 2467 Albini
2838 2407 3052 2472 adhuc
3121 2408 3418 2474 Caesaris
3491 2410 3902 2475 consulatum
3967 2416 4045 2475 11.

2553 2503 3032 2590 praeferentes.

2717 2712 2791 2772 V.
2839 2713 2905 2774 0.
2946 2719 3093 2776 949.
3140 2721 3284 2777 950.
3328 2714 3401 2773 Ρ.
3445 2715 3529 2777 Χ.
3580 2721 3722 2779 196.
3770 2725 3909 2781 197.
4004 2761 4020 2778 .

2872 2816 3369 2876 AVGVSTVS.
3421 2817 3602 2880 COS.
3641 2818 3731 2878 II.

2672 3013 2915 3077 Pacato
2935 3013 3210 3079 Oriente
3225 3036 3308 3076 ne
3327 3014 3620 3080 Caesaris
3636 3015 3899 3103 quidem
3915 3043 4048 3082 am-

2554 3114 2729 3198 plius
2776 3114 3062 3177 honores
3092 3115 3377 3180 Severus
3417 3119 3668 3195 Albino„
3703 3120 3931 3183 tribuit
3964 3121 4044 3199 0).

2540 3217 2780 3279 Postea
2817 3215 3094 3279 detectis
3125 3217 3378 3281 insidiis
3402 3266 3419 3295 ,
3466 3240 3633 3306 quae
3679 3221 3804 3283 sibi
3837 3223 4037 3285 Seve-

2540 3339 2655 3379 rus
2701 3329 3063 3394 struxerat,
3127 3320 3340 3401 palam
3393 3321 3740 3398 desciscit,
3801 3337 3872 3385 et
3911 3326 4038 3386 Au·

2543 3419 2718 3502 gusti
2759 3420 3022 3483 titulum
3047 3420 3243 3504 capit.
3290 3424 3392 3483 Ex
3429 3423 3763 3486 Britannia
3789 3424 3856 3484 in
3880 3423 4033 3488 Gal-

2544 3520 2701 3582 liam
2751 3534 3199 3603 transgressus
3227 3521 3540 3607 Lugduni
3594 3522 3815 3586 sedem
3872 3521 4034 3609 figit.

2542 3624 2798 3685 Romae
2833 3625 2879 3684 'a
2932 3636 3190 3699 senatu,
3242 3624 3368 3686 etsi
3417 3625 3585 3708 clam
3631 3643 3759 3707 *per
3805 3625 4042 3687 Severi

2544 3723 2770 3787 odium
2823 3722 2949 3785 sibi
2996 3722 3298 3800 favente,
3356 3738 3423 3786 et
3461 3724 3777 3788 militibus
3831 3727 4040 3790 hostis

2541 3825 2892 3906 judicatur.
2952 3824 3247 3886 Primum
3283 3825 3499 3888 victor
3534 3825 3615 3888 de
3655 3827 3888 3890 Severi
3928 3829 4044 3891 du—

2427 3999 2434 4006 ,
2545 3926 2751 4001 cibus,
2772 3945 2922 3987 mox
2943 3924 3114 4008 apud
3137 3925 3507 3988 Tinurtium
3527 3926 3795 4009 ingente
3817 3942 4034 4016 strage

2541 4025 2843 4092 adficitur
2877 4026 2992 4088 XI.
3027 4025 3186 4090 Kal.
3222 4030 3411 4090 Mart.
3443 4029 3525 4096 V.
3559 4027 3628 4089 C.
3661 4030 3807 4111 ‘25⁰-
3871 4031 4036 4113 Ejus

2541 4125 2889 4191 seminecis
2924 4142 3118 4210 caput
3160 4128 3445 4190 Severus
3483 4150 3522 4190 a
3555 4140 3788 4194 trunco
3818 4132 4038 4193 revul-

2540 4250 2682 4292 sum
2728 4231 3010 4290 Romam
3060 4231 3460 4311 praemittit,
3540 4244 3608 4292 et
3655 4251 3895 4315 equum
3939 4232 4038 4293 in·

2538 4331 2785 4394 sultans
2825 4317 3027 4414 s'uper
3059 4330 3341 4394 cadaver
3367 4329 3658 4415 impellit
3689 4329 3774 4413 d).
3827 4332 4030 4397 Ferri

2263 4575 2331 4649 b)
2386 4575 2709 4638 Herodian.
2771 4576 2834 4631 in
2880 4575 3098 4634 Severo
3147 4595 3209 4653 p.
3238 4584 3364 4640 513.
3406 4572 3727 4658 Capitolin.
3768 4565 3818 4633 c.
3843 4586 3896 4640 3.
3937 4589 4023 4637 to.

1824 4664 1893 4740 d)
1931 4657 2257 4728 Herodian.
2297 4667 2599 4745 Spartian.
2641 4667 2704 4725 in
2742 4666 2959 4728 Severo
2999 4684 3031 4726 c
3093 4678 3174 4729 11.
