4475 5584
1465 437 1792 520 coRN.
1857 406 2355 561 svp-Em·

344 610 461 699 ὅρα
484 615 837 697 sir-ingens,
880 610 1148 704 wpeme
1186 625 1629 707 cornucopiam
1690 627 1837 692 ΔΕ.

345 711 431 776 11.
464 715 791 795 (Pellerin
819 722 985 786 Rec.
1023 726 1071 785 Ι.
1102 746 1166 807 p.
1204 727 1409 806 XXI.)

629 821 1246 890 1ΜΡ.Μ.·.ΑΕΜ
1317 829 1832 895 AEMILIANO.

382 962 410 998 ⁸.
477 955 487 964 ·
628 924 831 1002 Caput
869 927 1245 990 laureatum.

347 1016 537 1084 C..G
581 1020 854 1089 ΗΗῙΡ.
904 1028 1836 1116 ΙάεπιίγρυιΔΕΗΠ(Ροί·

349 1119 524 1185 lerin
552 1124 713 1185 Mel.
746 1128 791 1190 1.
818 1148 881 1211 p.
916 1127 1092 1213 326.)

471 1222 598 1287 Est
629 1239 909 1314 uterque
954 1226 1070 1300 hic
1100 1256 1337 1303 numus
1377 1243 1680 1308 coloniae
1715 1245 1839 1308 Pa-

345 1319 573 1388 rianae
604 1328 876 1411 Mysiae.

594 1422 695 1489 l
700 1433 823 1498 AI.
866 1433 1070 1503 KOP.
1120 1439 1658 1512 COTHGPHN.
1700 1441 1835 1511 ΟΕ.

241 1572 272 1613 3
377 1554 386 1563 ·
630 1537 798 1611 Ejus
838 1551 1052 1620 caput.

353 1623 570 1696 APX.
592 1631 733 1700 TO.
755 1635 831 1699 Β.
854 1632 1511 1709 ΦΕῙΛΟΤΕῙΜΩ.
1547 1641 1839 1710 IOTAI-

352 1725 584 1796 ΕΩΝ.
625 1740 850 1802 Pallas
890 1748 1132 1809 sedem.
1176 1746 1319 1812 ΑΕ.
1355 1749 1438 1814 11.

476 1836 628 1901 Hoc
660 1840 859 1904 modo
891 1840 1213 1929 legendus
1251 1850 1360 1914 hic
1395 1840 1726 1918 Vaillantii
1771 1861 1842 1912 et

347 1935 614 2016 Haymii
655 1961 890 2005 numus
936 1944 1029 2009 sic
1071 1952 1519 2045 praecipiente
1561 1949 1843 2013 Pelleri-

347 2035 484 2098 ¹1³0·
531 2038 721 2117 (Rec
755 2044 805 2106 1.
837 2067 904 2128 p
932 2045 1114 2111 XXI.
1143 2065 1210 2113 et
1251 2039 1413 2116 Mei.
1443 2055 1528 2117 11
1561 2074 1627 2137 p.
1660 2049 1838 2130 23..)

349 2135 428 2198 ln
467 2137 834 2224 Haymiano
878 2161 946 2212 et
987 2151 1434 2218 Pelleriniano
1478 2167 1580 2217 est
1617 2154 1840 2234 Cybele
1877 2216 1882 2217 ff

353 2245 601 2309 oedem.

632 2349 1146 2418 Alexandrinum
1176 2378 1325 2422 cum
1357 2362 1434 2423 L.
1466 2361 1542 2425 A.
1583 2373 1652 2423 et
1682 2373 1840 2442 typo

637 2444 948 2517 Monetae
1000 2457 1219 2522 obiter
1292 2456 1448 2525 citat
1519 2462 1843 2539 Mafl'eius.

634 2555 911 2635 (Veron.
942 2558 1037 2621 ill.
1074 2562 1148 2623 Ρ.
1177 2563 1286 2624 111.
1317 2586 1469 2647 pag.
1500 2562 1681 2645 abss.)

473 2655 578 2718 Ex
596 2655 745 2719 his
725 2646 1119 2743 insigniores
1139 2678 1288 2726 sunt
1310 2665 1491 2726 numi
1507 2668 1839 2750 Aegarum

353 2752 626 2819 Ciliciae
659 2775 936 2844 propter
978 2763 1355 2827 adstitutum
1403 2765 1698 2850 epochae
1733 2790 1842 2829 an·

351 2877 506 2922 num
531 2855 739 2936 OqC,
787 2880 932 2945 sqq.
977 2866 1208 2948 Coepit
1246 2868 1439 2949 hujus
1477 2872 1658 2935 urbis
1691 2894 1844 2938 aera

353 2958 424 3060 in
486 2956 795 3061 autumno
839 2967 920 3033 V.
981 2969 1054 3031 C.
1114 2988 1277 3052 707,
1336 2992 1469 3036 non
1529 2974 1598 3036 in
1655 2994 1840 3053 vere,

353 3074 431 3125 ut
472 3076 700 3128 contra
725 3068 1164 3147 Vaillantiurn
1225 3072 1294 3133 in
1335 3075 1663 3159 Aegarum
1710 3096 1848 3140 mo·

353 3177 511 3228 neta
570 3165 913 3251 disputavi.
1010 3173 1195 3257 Ergo
1255 3176 1438 3237 numi
1498 3174 1627 3250 hoc
1687 3196 1844 3262 epo·

356 3265 530 3331 chae
555 3289 724 3332 anno
758 3269 1049 3356 insignes
1073 3273 1214 3338 cusi
1244 3289 1392 3338 sunt
1422 3275 1504 3338 ab
1534 3291 1845 3341 autumno

354 3371 440 3437 V.
495 3372 566 3436 C.
622 3374 781 3437 1005
841 3394 1048 3460 usque
1094 3374 1176 3437 ad
1231 3390 1609 3442 autumnum
1662 3378 1847 3442 1006.

355 3475 458 3537 Ex
491 3474 619 3538 hoc
651 3478 908 3542 calculo
927 3480 1054 3560 jam
1084 3480 1217 3541 ruit
1237 3481 1556 3543 sententia
1592 3501 1845 3557 eorum,

357 3578 825 3662 qui-Superum
857 3580 1210 3646 Valeriano
1239 3580 1375 3664 jun.
1409 3582 1844 3660 sociaverunt,

358 3698 512 3741 cum
569 3693 712 3744 toto
768 3682 896 3745 hoc
964 3681 1176 3746 adhuc
1232 3696 1533 3767 tempore
1594 3684 1846 3748 Trebo-

354 3780 629 3859 nianos,
673 3795 745 3844 ut
773 3803 973 3866 supra
1007 3784 1074 3846 in
1104 3783 1297 3866 hujus
1330 3785 1484 3850 trib.
1521 3800 1844 3870 potestate

355 3882 619 3966 prolixe
677 3880 1037 3968 disputavi,
1109 3886 1461 3969 imperium
1534 3880 1844 3965 tenuerit,

357 3984 613 4049 intruso
664 3985 841 4049 inter
882 3986 1046 4049 haec
1100 3988 1166 4049 in
1211 3989 1414 4052 Dacia
1455 3988 1846 4051 Aemiliano.

362 4086 561 4182 Quod
596 4088 650 4150 si
675 4088 869 4150 etiam
903 4088 1167 4163 demus,
1213 4108 1378 4172 quae
1405 4090 1530 4152 fuit
1565 4089 1844 4152 aliorum

359 4187 1253 4267 senteutia,'1'1·ebonianum
1297 4189 1427 4270 jam
1475 4192 1738 4255 caesum
1777 4192 1846 4252 in

358 4290 538 4375 Maio
586 4288 697 4353 vel
735 4290 923 4353 lunio
963 4290 1045 4357 V.
1083 4291 1157 4354 C.
1213 4292 1409 4367 iooo,
1468 4305 1687 4355 tamen
1732 4311 1849 4355 ne·

358 4412 488 4483 que
530 4409 670 4458 tum
716 4391 1136 4461 Valerianum
1189 4390 1324 4473 jun.
1371 4370 1665 4477 Superae
1709 4393 1850 4456 tha

354 4497 550 4563 lamis
611 4493 922 4558 idoneum
993 4486 1415 4570 habebimus,
1488 4515 1638 4557 cum
1698 4506 1850 4579 post

359 4597 854 4665 Trebonianum
910 4593 1160 4679 aliquot
1219 4593 1552 4658 mensibus
1606 4599 1850 4682 princi

356 4719 581 4792 patum
625 4702 694 4763 iu
737 4699 903 4762 urbe
952 4695 1239 4759 tenuerit
1286 4697 1725 4775 Aemilianus,
1769 4719 1847 4764 ac

3286 466 3442 534 3⁵25·

1944 627 2212 694 nonnisi
2237 627 2371 695 hoc
2406 646 2608 699 caeso
2641 625 3034 696 Valerianus
3061 630 3440 720 saniei-,per

1947 743 2159 797 totum
2186 733 2537 818 imperium
2568 733 2825 816 agnitus
2851 729 3055 797 fuerit
3079 737 3433 819 Augustus,

1949 833 2128 919 quod
2181 855 2335 898 cum
2385 832 2619 909 fiebat,
2678 833 2807 916 jam
2849 833 2996 898 fere
3039 835 3298 901 effluxit
3332 832 3461 902 an?

1947 957 2072 998 nus
2114 935 2449 1021 Aegarum
2493 954 2656 1017 299,
2720 950 2792 1000 ut
2853 937 3020 1001 adeo
3063 953 3201 1001 tum
3246 942 3439 1005 uxori

1950 1037 2093 1122 ejus
2112 1083 2129 1113 ,
2176 1037 2365 1121 cujus
2392 1054 2480 1098 ne
2504 1036 2769 1121 quidem
2799 1053 2990 1121 pater
3015 1039 3229 1104 adhuc
3258 1043 3441 1126 quie·

1948 1154 2020 1205 te
2065 1139 2455 1225 imperavit,
2496 1136 2689 1201 feriri
2739 1137 2819 1203 ab
2852 1141 3175 1224 Aegeaeis
3218 1162 3448 1207 mone·

1948 1254 2013 1305 ta
2056 1261 2190 1303 non
2234 1239 2546 1324 potuerit.
2629 1243 2734 1303 Ex
2775 1262 2905 1325 quo
2942 1254 3155 1325 patet,
3201 1257 3445 1327 quanto

1950 1343 2296 1406 molestius
2355 1342 2487 1404 hoe
2541 1341 2799 1427 calculo
2830 1340 3301 1426 ‘impediantur
3370 1345 3441 1420 ii,

1952 1445 2067 1530 qui
2110 1464 2261 1507 cum
2304 1440 2660 1511 Vaillantio
2722 1430 3044 1526 epocham
3089 1465 3444 1510 cum·vere

1911 1546 1922 1555 ⁴
1953 1546 2344 1622 ordiuntur3
2387 1541 2572 1604 nullo
2604 1543 2779 1605 enim
2806 1558 3001 1625 paeto
3035 1546 3292 1609 initium
3323 1550 3446 1610 im·

1952 1646 2125 1731 perii
2154 1645 2491 1711 Valeriani
2533 1643 2703 1706 intra
2751 1644 2945 1727 hujus
2984 1648 3446 1730 Aegeaeorum

1955 1746 2108 1808 anni
2148 1746 2396 1811 limites
2436 1746 2780 1829 redigent,
2827 1747 2951 1809 etsi
2994 1748 3051 1810 is
3096 1749 3227 1832 jam
3270 1772 3443 1817 anno

1951 1851 2036 1915 V.
2072 1849 2145 1913 C.
2184 1847 2344 1910 toob
2384 1847 2466 1911 ad
2509 1838 2858 1931 imperinm
2895 1851 3280 1931 pervenisse
3320 1868 3448 1918 sta·

1953 1963 2192 2013 tuatur.
2248 1993 2264 2013 .-
2282 1951 2587 2013 Ceterum
2626 1950 2837 2012 omnis
2876 1950 3039 2013 haec
3090 1950 3443 2035 disputatio

1934 2064 2436 2135 'supervacanea
2480 2065 2618 2127 est,
2664 2053 2750 2127 si,
2798 2052 2974 2133 quod
3026 2052 3092 2113 in
3130 2054 3447 2119 Salonino
3533 2088 3548 2107 r
3612 2084 3633 2099 ·

1952 2155 2261 2218 evincere
2291 2150 2602 2227 conabor,
2645 2166 2985 2230 statuatur,
3019 2155 3447 2223 Valerianum

1949 2255 2085 2341 jun.
2115 2272 2331 2339 neque
2357 2255 2704 2316 Caesarem
2735 2263 3016 2338 unquam
3048 2256 3286 2335 fuisse,
3329 2279 3446 2325 ne·

1954 2378 2083 2443 que
2115 2360 2502 2438 Augustum.
2589 2353 2786 2449 Quod
2820 2357 2875 2417 si
2909 2377 3141 2420 verum
3163 2404 3180 2435 ‚
3222 2382 3444 2447 neque

1919 2458 2223 2542 ‚conjugi
2283 2469 2465 2542 patet
2504 2457 2849 2541 Augustae
2908 2457 3172 2522 titulum
3237 2459 3446 2528 fuisse

1957 2561 2311 2642 collatum(

2079 2664 2356 2726 Restant
2386 2662 2592 2747 igitur
2633 2665 2926 2746 Sup‘erae
2967 2666 3157 2749 proci
3194 2666 3445 2733 Trehw

1954 2765 2185 2828 nianus
2210 2777 2277 2827 et
2292 2765 2716 2840 Aemilianus,
2750 2764 2891 2839 hic,
2924 2768 3226 2850 quoniam
3263 2770 3443 2833 idem

1954 2865 2410 2953 Aegeaeorum
2459 2886 2664 2928 annus
2708 2877 2839 2928 tam
2876 2869 3047 2946 suis,
3093 2868 3447 2955 quam'su.

1954 2987 2155 3053 perae
2209 2964 2426 3028 numis
2488 2966 2840 3050 inscriptus
2896 2984 3032 3047 est,
3090 2972 3241 3048 ille,
3286 2994 3447 3058 quo-

1953 3070 2130 3133 niam
2167 3067 2348 3131 idem
2390 3064 2501 3130 hic
2545 3089 2750 3130 annus
2791 3069 2859 3130 in
2904 3070 3048 3152 ejus
3091 3072 3448 3157 imperium

1956 3171 2149 3236 cadit.
2234 3172 2484 3238 Verum
2520 3168 2974 3233 Trebonianus
3012 3174 3182 3236 nihil
3221 3176 3444 3255 habet,

1955 3271 2137 3357 quod
2190 3270 2317 3333 sibi
2359 3290 2519 3355 prae
2562 3271 2933 3334 Aemiliano
2974 3273 3229 3358 faveat3
3287 3279 3447 3363 quin

1955 3389 2031 3438 ut
2063 3394 2258 3460 supra
2287 3374 2355 3435 in
2387 3373 2731 3440 Volusiani
2760 3376 3131 3440 nominibus
3163 3398 3448 3445 comme-

1959 3475 2242 3550 moravi,
2284 3474 2432 3558 ejus
2479 3488 2729 3538 certam
2763 3474 2908 3540 fere
2944 3479 3261 3543 habemus
3289 3478 3467 3546 uxo·‘

1958 3599 2099 3641 rem
2134 3574 2444 3651 Afiniam,
2480 3576 2602 3638 nisi
2636 3577 2759 3642 hac
2794 3594 3050 3644 mortua
3085 3581 3163 3644 ad
3209 3584 3451 3646 alteras

1957 3679 2218 3763 nuptias
2248 3677 2627 3741 transivisse
2662 3679 2937 3745 dicatur.
3008 3684 3450 3748 Aemilianum

1955 3780 2185 3863 juvant
2236 3779 2421 3841 numi
2481 3782 2855 3865 Aegarum,
2913 3802 3078 3875 quos
3132 3782 3451 3849 habemus

1961 3901 2110 3944 eum
2155 3881 2370 3964 capite
2429 3892 2562 3942 tam
2619 3881 2837 3957 illius,
2894 3904 3089 3967 quam
3135 3883 3454 3967 Sapei-ae,

1961 3982 2120 4067 quin
2176 3993 2437 4045 exstent
2492 3981 2616 4041 ulli
2664 4003 2813 4046 cum
2865 3986 3077 4067 capite
3136 3998 3247 4047 aut
3290 3977 3456 4048 'I're-

1960 4082 2265 4158 huniani.
2322 4093 2436 4144 aut
2476 4082 2852 4167 Volusiani,
2906 4105 2991 4147 ex
3035 4105 3166 4170 quo
3210 4086 3455 4183 conjici

1959 4197 2217 4271 potest,
2283 4186 2630 4265 Aegeaeos
2688 4181 2893 4247 fuisse
2935 4185 3306 4249 Aemiliano
3369 4207 3456 4251 ex

1960 4304 2359 4403 quacunque·
2441 4303 2634 4348 causa
2712 4282 3025 4363 devotos,
3103 4301 3170 4350 et
3232 4288 3453 4353 audita

1960 4387 2141 4475 illius
2201 4386 2359 4449 ad.
2341 4386 2690 4471 imperium
2768 4386 3238 4453 adclamatione
3298 4411 3456 4454 mox

1962 4491 2142 4575 ejus,
2187 4507 2257 4557 et
2291 4492 2517 4556 uxoris
2535 4488 2800 4553 nomine
2820 4502 3144 4553 monetam
3168 4490 3452 4556 fei-iisse.

1962 4595 2144 4658 Idem
2177 4593 2575 4680 persuadent
2610 4589 2857 4655 laudati
2887 4611 3083 4675 supra
3129 4592 3310 4655 numi
3344 4613 3454 4659 co·
3540 4646 3547 4652 .

1959 4697 2181 4764 louiae
2208 4695 2389 4759 Parii
2417 4714 2568 4760 cum
2603 4694 2943 4779 utriusque
2987 4714 3250 4759 rursum
3282 4695 3439 4782 capi·
