4475 5584
986 2402 991 2409 ·
1116 2385 1221 2447 his
1274 2381 1482 2446 titulis
1544 2376 1812 2443 uberius
1875 2376 2299 2442 confirmabo.

1018 530 1029 535 ῳ
1119 508 1212 571 5ss
1846 476 1944 551 M.
2047 467 2669 548 AVREles
2771 460 3507 541 ANTONles

1119 670 1363 743 exiiet,
1423 662 1602 751 quod
1648 661 2013 727 institutum
2073 671 2221 724 ante
2273 654 2606 723 biennium
2717 653 2793 715 P.
2814 654 2894 713 X.
2928 670 3033 729 ¹7¹
3076 648 3285 711 durat.
3339 647 3584 732 Igitur,
3616 663 3697 708 ex
3728 642 4041 727 praeclari
4083 644 4188 705 hu·

1109 788 1371 856 quoque
1417 766 1648 830 tenuit.

1844 863 1884 905 ³*
2009 904 2050 946 s

1258 998 1271 1003 ’
1392 971 1638 1032 Eadem
1679 971 1972 1029 adversa.

1116 1067 1653 1136 PROFECTIO.
1720 1066 1920 1135 AVG.
1978 1061 2169 1127 COS.
2226 1060 2368 1120 1111.
2407 1057 2481 1120 S.
2533 1054 2607 1119 C.

1112 1179 1463 1254 Imperator
1493 1189 1682 1253 eques
1707 1172 1771 1231 d.
1786 1171 2040 1229 hastam
2064 1164 2484 1243 praecedente
2495 1160 2612 1219 mi-

1114 1281 1261 1351 lite,
1308 1275 1513 1335 tribus
1558 1272 1985 1353 sequentibus.
2061 1263 2204 1327 ΑΕ.
2246 1261 2395 1324 fere
2442 1278 2610 1322 max.

1058 1382 1063 1387 ’
1114 1376 1289 1439 mod.
1355 1374 1555 1454 (Mus.
1597 1371 1820 1450 Caes.)

1240 1474 1490 1558 Insigni
1526 1473 1653 1535 hoc
1691 1489 1890 1532 numo
1937 1466 2152 1530 notari
2184 1461 2413 1547 nequit
2461 1479 2614 1544 pro-

1114 1576 1356 1650 fectio,
1440 1593 1633 1658 quam
1680 1569 1990 1634 Aurelius
2051 1589 2137 1631 ex
2203 1559 2614 1631 Tillemontii

1116 1675 1437 1741 sententia
1470 1673 1621 1736 anni
1650 1671 1843 1754 hujus
1879 1668 2206 1754 principio
2243 1663 2614 1730 cumfratre

1113 1779 1186 1839 in
1228 1776 1647 1853 Germaniam
1706 1772 2022 1851 instituit}
2100 1790 2253 1832 uam
2305 1762 2618 1851 quamdiu

1110 1881 1169 1942 is
1208 1881 1279 1940 in
1308 1878 1472 1950 vivis
1514 1887 1691 1951 erat,
1738 1872 1944 1936 titulis
1960 1868 2334 1934 Armeniaci
2374 1879 2441 1927 et
2460 1867 2618 1933 Par·

1118 1979 1285 2043 thici
1322 1988 1699 2043 constanter
1732 1995 1887 2038 usus
1921 1987 2060 2049 est,
2121 1970 2234 2056 qui
2276 1969 2511 2031 desunt
2552 1965 2622 2026 in

1114 2080 1244 2143 hoc
1277 2099 1501 2154 numo,
1548 2094 1843 2160 quosque
1875 2094 1955 2136 eo
1988 2086 2274 2147 mortuo,
2318 2082 2621 2155 tanquam

1115 2182 1230 2243 uni
1283 2182 1466 2248 Vero
1526 2176 1675 2260 jure
1744 2174 2044 2252 debitos,
2120 2174 2298 2236 ultro
2355 2169 2619 2252 abjecit,

1116 2297 1190 2346 ut
1245 2279 1429 2343 numi
1465 2265 1670 2362 vplene
1730 2277 2005 2354 docent,
2079 2288 2277 2357 atque
2328 2270 2497 2334 infra
2554 2271 2622 2331 in

2376 2375 2620 2436 Mirum

1122 2485 1319 2551 etiam
1362 2483 1742 2558 videretur,
1799 2480 1856 2543 si
1901 2477 1986 2542 ad
2020 2479 2364 2562 utriusque
2400 2476 2624 2558 Augu·

1116 2587 1202 2650 sti
1243 2584 1722 2670 profectionem
1747 2578 2386 2664 numuspertineret‚
2418 2595 2619 2638 unum

1119 2701 1368 2751 tantum
1418 2678 1785 2768 Augustum
1835 2682 2123 2766 equitem
2174 2680 2242 2742 in
2299 2697 2381 2741 eo
2438 2676 2623 2741 exhi-

1114 2785 1760 2871 beri..1ntelligitur
1812 2803 1977 2867 ergo
2032 2782 2239 2844 altera
2278 2762 2617 2863 expeditio

1112 2891 1199 2955 ab
1240 2888 1514 2952 Aurelio
1587 2888 1730 2950 solo
1777 2899 1929 2970 post
1985 2881 2209 2946 fratris
2271 2901 2614 2961 excessum

1119 2992 1187 3055 in
1224 2990 1643 3056 Germaniam
1681 3000 2005 3071 suscepta.
2052 2984 2187 3047 Sed
2220 2996 2402 3068 patet
2418 2982 2615 3044 etiam

1118 3116 1201 3157 ex
1236 3093 1367 3157 hoc
1409 3112 1640 3167 numo,
1699 3110 1837 3153 eam
1890 3086 2372 3173 profectionem
2415 3107 2453 3147 a
2483 3084 2620 3145 Til-

1126 3194 1447 3259 lemontio
1502 3194 1651 3276 plus
1694 3189 1869 3272 justo
1929 3186 2235 3260 differri‚.
2297 3206 2447 3248 cum
2507 3185 2621 3260 ait,

1122 3296 1405 3360 exivisse
1454 3291 1792 3356 Aurelium
1845 3302 1994 3351 ante
2046 3286 2222 3350 diem
2265 3287 2405 3355 vn.
2450 3287 2624 3365 Μειν-Γ

1120 3376 1195 3461 tii
1258 3395 1409 3460 anni
1452 3394 1643 3465 RK.
1707 3412 1881 3472 ¹7¹·2
1945 3410 2095 3453 cum
2151 3400 2369 3452 tamen
2417 3386 2624 3448 tribu-

1123 3512 1313 3562 natus
1352 3496 1591 3558 XXIII.
1638 3492 1896 3555 Aurelii
1943 3490 2097 3554 huic
2144 3510 2344 3552 numo
2394 3487 2623 3551 inscri-

1119 3614 1306 3684 ptus,
1353 3617 1484 3682 quo
1533 3595 1796 3658 labente
1830 3613 1910 3656 ex
1946 3589 2128 3654 numi
2147 3589 2340 3673 hujus
2374 3589 2620 3652 indicio
2642 3601 2655 3619 ⁸

1117 3703 1282 3764 haec
1335 3696 1662 3782 profectio
1721 3694 2033 3778 contigit,
2080 3694 2315 3755 saltem
2362 3691 2429 3753 in
2476 3711 2621 3754 mea

1119 3799 1475 3876 sententia,
1519 3818 1603 3863 ne
1637 3797 1905 3882 quidem
1928 3794 2007 3856 in
2059 3816 2296 3857 annum
2346 3813 2621 3878 sequen-

1116 3920 1253 3967 tem
1309 3923 1424 3982 ¹7⁰
1485 3899 1923 3985 porrigatur„
1950 3908 2022 3957 ut
2057 3894 2126 3956 in
2163 3895 2423 3958 Aurelii
2458 3894 2614 3958 trib.

1116 4017 1443 4090 potestate
1484 4002 1980 4088 disputabimus..
2048 3998 2138 4058 At
2172 3997 2350 4059 enim
2383 4017 2618 4059 numus

1115 4126 1430 4193 praeseus
1471 4105 1735 4191 ignotus
1767 4100 2337 4190 fuit'l'illemontio
2361 4145 2379 4178 ,
2423 4113 2618 4163 notus
2655 4114 2658 4117 “

1116 4229 1281 4273 vero
1329 4207 1541 4271 solum
1584 4206 1735 4283 ille,
1790 4205 1905 4290 qui
1952 4203 2227 4267 eandem
2278 4203 2419 4286 ejus
2466 4221 2621 4288 pro-

1117 4310 1474 4375 sectionem
1533 4329 1683 4387 cum
1730 4307 2066 4372 tribunatu
2147 4306 2419 4370 xxnu.
2481 4325 2619 4368 me-

1116 4425 1329 4481 morat
1350 4454 1385 4498 ,ι
1428 4409 1540 4494 qui
1592 4430 1826 4473 revera
1884 4408 1952 4469 in
2015 4406 2425 4469 Tillemoutii
2475 4428 2615 4471 sen-

1118 4514 1322 4578 tentia
1368 4531 1576 4597 usque
1633 4510 1716 4573 ad
1773 4510 1947 4572 diem
2004 4511 2144 4576 VII.
2200 4510 2425 4572 Martii
2468 4511 2618 4573 anni

1228 4727 1294 4798 a)
1319 4719 1637 4801 Capitolia.
1788 4720 1858 4794 b)
1883 4721 2131 4797 Eutrop.

2723 752 2826 836 jus
2893 749 3301 812 numismatis
3344 760 3700 833 praecepto
3766 744 4201 808 maturandum

2724 854 2867 936 ejus
2917 852 3084 927 iter,
3140 850 3234 913 sic
3293 863 3366 912 ut
3428 849 3731 914 videatur
3767 860 4047 911 exeunte
4088 847 4202 911 hoc

2724 972 2895 1017 anno
2927 954 3060 1016 iter
3090 951 3159 1013 in
3197 951 3525 1016 hosticum
3561 963 3959 1032 susceptum.

3290 1132 3330 1172 fi
3454 1087 3496 1126 ῃ
3620 1131 3660 1171 {2

3011 1194 3257 1283 Eadem
3293 1195 3591 1254 adversa.
4193 1254 4196 1263 k

2725 1292 3354 1361 RESTITVTORI.
3435 1289 3812 1352 ITALIAE.
3889 1290 4064 1356 IMP.
4125 1290 4200 1358 V.

2729 1396 2921 1461 COS.
2941 1397 3050 1457 111.
3071 1397 3137 1458 S.
3170 1396 3242 1458 C.
3285 1397 3639 1473 Imperator
3660 1394 4017 1473 paludatus
4040 1402 4203 1453 stam

2728 1502 3055 1562 mulierem
3117 1500 3415 1559 turritam
3464 1498 3536 1557 in
3577 1514 3794 1576 qenua
3834 1496 4205 1574 prolapsam,

2721 1612 2795 1662 -et
2838 1622 2892 1663 s.
2930 1602 3193 1681 ylobum
3252 1606 3560 1658 tenentem
3620 1597 3934 1657 sublevat.
3993 1596 4120 1659 ΑΕ.
4163 1596 4206 1655 1.

2734 1706 2939 1784 (Mus.
2973 1696 3276 1777 Farnes.)

2860 1801 3181 1863 Nimirum
3217 1803 3562 1893 Bystitutor
3595 1800 3837 1861 Italiae
3855 1796 4211 1881 diciturper

2737 1904 3084 1989 depulsum
3141 1899 3220 1963 ab
3283 1899 3559 1984 regione
3648 1896 3827 1960 orbis
3902 1910 4211 1961 terrarum

2735 2006 3036 2092 principe
3094 2001 3502 2088 periculum,
3550 1998 3727 2084 quod
3773 2000 3839 2063 ei
3877 2021 3918 2064 a
3965 1997 4217 2064 rebelli·

2738 2109 2861 2172 bus
2902 2106 3247 2171 Germanis
3279 2101 3719 2195 impendebat.

3289 2284 3329 2324 fi
3453 2238 3494 2278 *
3668 2283 3708 2323 fi

3025 2347 3269 2407 Eadem
3312 2313 3609 2402 adversa.

2738 2444 3068 2511 COS.111.
3102 2447 3250 2507 vel:
3294 2443 3780 2507 FELlClTAS.
3818 2441 4211 2512 AVG.COS.

2647 2574 2666 2583 ·
2735 2550 2848 2611 111.
2892 2552 3036 2611 vel.-
3083 2547 3421 2612 SALVTL
3465 2545 3672 2611 AVG.
3703 2544 3895 2609 COS.
3940 2546 4054 2609 111.
4088 2564 4216 2607 cum

2736 2654 2874 2719 suis
2910 2653 3111 2735 typis,
3156 2648 3225 2709 in
3261 2645 3441 2708 omni
3471 2648 3778 2723 metallo,
3825 2647 4154 2711 et-forma.

3085 2820 3159 2879 V.
3210 2817 3277 2878 C.
3322 2821 3467 2880 923.
3510 2816 3587 2874 P.
3632 2815 3715 2875 Χ.
3765 2821 3905 2876 170.

2742 2924 2865 2983 TB.
2907 2921 2980 2981 Ρ.
3026 2921 3273 2995 XXIV.
3325 2916 3499 2977 COS.
3529 2918 3652 2978 ΙΙΙ.
3713 2918 3784 2975 Ρ.
3826 2919 3916 2979 Μ.
3944 2918 4118 2983 ΙΜΡ.
4156 2918 4220 2974 V.

2736 3025 2824 3085 M.
2856 3022 3147 3084 Cornelio
3182 3019 3466 3099 calleyo,
3517 3021 3579 3079 C.
3613 3020 3850 3081 Erucio
3888 3020 4074 3083 Claro
4104 3038 4222 3080 cos.

2862 3186 3127 3250 Bellum
3147 3206 3295 3248 cum
3336 3184 3775 3247 Marcomanis
3814 3184 3997 3248 omni
4033 3186 4098 3250 vi
4128 3205 4228 3270 ge-

2737 3288 2826 3353 rit
2858 3285 3166 3372 gravibus
3180 3305 3304 3371 per
3323 3285 3673 3350 intervalla
3689 3287 3978 3370 acceptis
3994 3285 4226 3350 incom-

2737 3390 2978 3465 modis,
3031 3387 3332 3450 omnibus
3365 3388 3846 3470 superstitionis
3881 3387 4226 3453 adminicu-

2737 3492 2820 3554 lis
2858 3510 3052 3577 saepe
3084 3489 3332 3552 frustra
3358 3489 3686 3554 arcessitis
3709 3536 3726 3567 ‚
3785 3488 4007 3554 inutili
4034 3490 4221 3554 etiam

2734 3594 2879 3668 ino,
2924 3591 3104 3677 quod
3127 3591 3328 3653 suasit
3348 3592 3721 3655 Alexander
3738 3592 4227 3656 Abdnutieheos

2733 3691 3220 3778 Paphlagoniae
3256 3694 3577 3776 propheta
3600 3738 3617 3770 ,
3655 3708 3727 3757 ut
3758 3692 4010 3759 dictum
4044 3710 4230 3777 supra

2736 3797 2819 3861 ad
2845 3814 3120 3872 annum,
3162 3794 3247 3860 V.
3281 3795 3353 3857 C.
3388 3811 3534 3878 920.
3579 3801 3754 3865 Rara
3801 3808 4079 3881 propter
4122 3814 4229 3877 pe·

2733 3898 3060 3962 stilentiae
3090 3898 3219 3961 vim
3248 3895 3587 3978 juventute
3631 3919 3859 3963 servos
3902 3911 3972 3962 et
4012 3896 4231 3962 exules

2730 4003 2814 4065 ad
2857 4025 3036 4065 arma
3093 4013 3318 4075 vocat,
3389 4000 3704 4063 exhausto
3762 4001 4023 4063 aerario
4087 4018 4228 4084 pre·

2732 4105 2963 4168 tiosam
3021 4102 3243 4188 palatii
3306 4100 3789 4184 supellectilem
3848 4102 4077 4167 vendit
4151 4102 4228 4179 ¹¹).

2663 4286 2669 4291 ι
2735 4210 3134 4272 Carnuntum
3193 4202 3568 4265 Pannoniae
3642 4203 4008 4287 superioris·
4075 4200 4228 4265 belli

2735 4308 2962 4371 sedem
2992 4305 3225 4388 deligit
3289 4302 3377 4381 b).

3018 4413 3109 4473 M.
3151 4407 3685 4475 ANTONINVS.
3731 4407 3935 4476 AVG.
3985 4409 4129 4469 ΤΒ.
4158 4404 4231 4465 P.

3019 4513 3284 4573 xx1111.
3359 4513 3561 4586 Caput
3601 4513 3980 4574 laureatum.
