4475 5584
1153 217 1178 246 ἐ
1236 191 1245 200 ,

1050 461 1055 464 ·
1134 458 1325 546 13οι

1452 628 1525 687 V.
1571 625 1641 686 C·
1681 622 1828 686 945.
1872 621 2075 684 PsX.
2123 626 2265 682 192.

1127 738 1250 797 Ta.
1298 731 1367 790 P.
1402 726 1622 787 XVII.
1702 724 1880 784 COS.
1923 724 2065 782 VII.
2148 725 2218 782 Ρ.
2273 723 2361 781 Μ.
2408 723 2479 783 Ρ.
2539 724 2606 780 Ρ.

1438 826 1658 889 PIVS.
1691 826 1879 885 FEL.
1918 825 2092 883 IMP.
2130 824 2312 882 VIII.

1121 934 1450 998 Commodo
1501 930 1672 1007 Any.
1704 925 1851 986 VII.
1896 926 1963 982 Ρ.
1998 924 2226 1001 Helvio
2278 925 2611 983 Pertinace

1728 1027 1819 1086 ΙΙ.
1866 1044 1993 1087 cos.

1249 1228 1649 1298 Commodus
1681 1223 1895 1310 pridie
1923 1224 2253 1288 Kalendas
2293 1225 2422 1285 Ian.
2458 1245 2614 1288 noc-

1119 1352 1185 1399 te
1241 1331 1558 1399 concubia
1602 1328 1667 1392 vi
1727 1328 1907 1389 illata
1959 1325 2396 1409 exstinguitur
2440 1347 2609 1389 anno

1119 1435 1347 1500 aetatis
1381 1430 1621 1494 xxxt.
1658 1448 1882 1492 mense
1920 1429 2033 1495 lv.

1243 1535 1398 1599 Fuit
1427 1552 1549 1617 per
1591 1529 2044 1593 crudelitatem
2070 1570 2086 1601 ,
2133 1540 2203 1590 et
2232 1548 2486 1591 morum
2517 1529 2613 1591 in·

1113 1636 1377 1702 famiam
1410 1633 1715 1718 pessimis
1745 1629 2151 1715 principibus
2182 1629 2609 1693 adnumeran-

1114 1738 1277 1813 dus,
1347 1735 1460 1819 qui
1507 1755 1637 1796 non
1687 1733 1927 1817 exiguo
1976 1750 2254 1793 numero
2292 1752 2436 1795 rem
2474 1735 2608 1793 Ro-

1116 1860 1372 1903 manam
1436 1850 1749 1909 tenuere,
1812 1845 1879 1895 et
1924 1852 2044 1916 per
2091 1844 2266 1894 artes
2301 1832 2615 1917 gladiato·

1110 1941 1286 2029 rias,
1332 1938 1401 1998 in
1438 1936 1673 2021 quibus
1721 1934 2166 2011 excelluerat‚
2230 1934 2466 2016 dignus
2507 1955 2617 1994 ru-

1118 2057 1305 2102 more
1334 2039 1399 2101 in
1431 2038 1667 2119 vulgus
1697 2056 1958 2118 sparso,
2019 2055 2153 2098 non
2188 2057 2223 2096 a
2255 2038 2487 2097 Marco
2537 2034 2615 2096 il-

1102 2142 1254 2203 lum
1276 2184 1293 2214 ,
1341 2138 1459 2201 aed
1494 2135 1856 2222 gladiatore
1877 2156 2001 2219 per
2037 2135 2432 2199 adulterium
2448 2135 2617 2197 Fau·

1121 2241 1328 2302 atinae
1360 2238 1561 2301 fuisse
1584 2249 1975 2320 conceptum
2021 2238 2102 2316 ⁸).
2147 2239 2220 2299 In
2256 2236 2399 2320 ejus
2430 2257 2616 2299 enar-

1116 2341 1340 2406 randis
1378 2338 1741 2403 sceleribus
1756 2353 1822 2402 et
1848 2352 2115 2422 stupore
2147 2339 2432 2424 ingenii,
2479 2357 2609 2423 quo

1114 2444 1282 2507 nibil
1322 2464 1457 2505 non
1504 2441 1877 2517 attentavit,
1934 2441 2099 2508 nihil
2138 2460 2270 2524 non
2307 2440 2431 2503 sibi
2463 2459 2613 2525 per-

1124 2545 1396 2607 missum
1426 2540 1881 2617 arbitrabatur,
1927 2543 2084 2605 nolo
2103 2563 2249 2604 esse
2268 2542 2610 2626 prolixior,

1114 2645 1539 2730 quodeorum
1582 2645 1909 2728 potiorem
1936 2644 2279 2727 partemin
2319 2644 2611 2727 ipsorum

1115 2768 1468 2810 numorum
1515 2745 1954 2828 explicatione
2012 2744 2143 2828 jam
2214 2765 2614 2808 commemo-

1118 2848 1279 2911 ravi.
1326 2846 1525 2943 Quod
1553 2859 1772 2908 tamen
1807 2866 1887 2907 eo
1938 2845 2302 2930 imperante
2354 2847 2614 2930 integra

1121 2950 1303 3013 stetit
1381 2947 1788 3031 respublica,
1869 2947 2029 3030 ipsis
2094 2948 2612 3029 provincialibus
2649 2987 2664 2996 -

1122 3048 1407 3124 Mauris,
1488 3049 1722 3123 Dacis,
1794 3048 2184 3125 Pannoniis,
2261 3049 2613 3123 Britannis,

1123 3147 1468 3211 Germanis
1532 3149 1672 3230 ejus
1725 3149 2073 3231 imperinm
2139 3150 2613 3225 recusantibus,

1124 3251 1298 3311 istud
1365 3251 1830 3333 praestantium
1925 3250 2163 3311 ducum
2234 3250 2618 3324 Pertinacis,

1125 3350 1392 3419 Severi,
1438 3345 1794 3412 Pescennii
1819 3349 2051 3433 Nigri,
2093 3351 2324 3414 Albini
2369 3351 2616 3424 virtuti,

1125 3465 1193 3512 et
1297 3449 1453 3513 fidei
1553 3450 1937 3513 debebatur.
2102 3452 2251 3533 lpse
2361 3451 2615 3514 interea

1122 3553 1194 3612 in
1255 3552 1493 3637 ignavo
1553 3553 1803 3613 Romae
1869 3553 2005 3615 otio
2078 3552 2412 3628 consedit,
2489 3551 2619 3613 nisi

1125 3652 1306 3738 quod
1343 3675 1523 3716 arma
1543 3651 1634 3714 ibi
1664 3672 1796 3714 non
1814 3654 1880 3715 in
1909 3655 2209 3717 animalia
2227 3653 2444 3729 modo,
2476 3653 2617 3715 fera

1132 3752 1414 3837 perinde
1448 3753 1525 3817 ac
1549 3770 1904 3829 mansueta,
1934 3754 2050 3817 sed
2075 3754 2374 3817 homines
2396 3756 2617 3831 etiam,

1129 3855 1327 3918 modo
1379 3856 1616 3919 divites
1664 3869 1921 3931 essent,
1977 3871 2088 3919 aut
2136 3856 2619 3941 sibiosuspecti,

1128 3958 1476 4042 convertit,
1522 3942 1769 4022 indicto
1800 3958 1995 4021 etiam
2038 3958 2371 4021 mensibus
2417 3958 2622 4036 bello,

1128 4061 1368 4143 quibus
1396 4044 1525 4150 'pro
1565 4074 1826 4136 vetere,
1889 4074 1957 4123 et
1990 4074 2258 4144 recepta
2311 4061 2625 4125 hacteuus

1129 4162 1572 4247 appellatione
1646 4162 2005 4225 secundum
2076 4162 2310 4224 Dionis
2375 4163 2625 4237 coaevi,

1082 4335 1100 4343 -
1133 4277 1201 4324 et
1254 4265 1504 4325 Romae
1556 4263 1920 4347 praesentis
1970 4264 2415 4327 testimonium
2461 4263 2626 4328 haec

1133 4361 1367 4425 indidit
1426 4365 1720 4427 nomina:
1801 4369 2243 4443 Amazonius,
2317 4370 2625 4442 Invictus,

1122 4467 1318 4527 Felix
1340 4507 1357 4538 ,
1423 4468 1577 4528 Pius
1597 4509 1613 4539 ‚
1658 4470 1897 4528 Lucius
1912 4511 1930 4541 ,
1990 4470 2248 4564 Aelius,
2308 4471 2635 4546 Aurelius,

2331 430 3021 554 COMaIODvs.

2726 617 3093 679 Commodus
3111 652 3128 683 ‚
3197 614 3526 693 Aufusti„
3543 656 3560 687 ,
3643 614 3985 676 Herculeus
4001 658 4017 690 ,
4072 618 4179 681 130.

2723 737 2986 791 manus,
3065 715 3593 794 Europen-aterius.
3671 715 3884 799 Atque
3961 713 4180 782 infame

2722 816 2900 879 istud
2932 828 3294 878 monstrum
3319 857 3338 889 ,
3384 813 3730 897 aliquoties
3776 816 4016 880 insidiis
4059 818 4181 882 fru⁴

2725 934 2857 980 stra
2893 916 3187 1001 petitum,
3229 917 3511 1001 denique
3541 917 4184 1001 conspirationeMarss

2726 1019 2866 1081 ciac
2899 1018 3144 1081 amicae
3169 1061 3186 1092 ‚
3246 1033 3315 1082 et
3362 1020 3755 1084 amazoniae
3794 1041 3943 1083 suae
3978 1023 4182 1106 periit,

2723 1140 2890 1205 quae
2943 1139 3092 1182 cum
3141 1117 3209 1180 in
3243 1120 3452 1203 puelli
3487 1123 3851 1183 Commodo
3899 1124 4182 1205 perchari

2729 1232 2927 1283 manu
2970 1219 3345 1284 adverteret
3391 1221 3735 1296 tabellam,
3785 1244 3971 1307 quam
4014 1226 4065 1285 is
4099 1225 4192 1286 illi

2728 1321 3117 1397 dormienti,
3182 1334 3253 1383 ut
3287 1342 3435 1385 cum
3471 1323 3587 1385 illa
3620 1324 3919 1401 luderet,
3963 1326 4192 1390 subtra-

2726 1426 2858 1497 xit,
2922 1437 3116 1506 atque
3160 1422 3226 1483 in
3283 1444 3357 1485 ea
3400 1444 3471 1487 se
3526 1445 3788 1511 quoque
3827 1424 3907 1488 ad
3946 1427 4194 1490 caedem

2730 1524 3131 1608 designatam
3185 1523 3477 1607 legeret,
3551 1529 3786 1590 eodem
3846 1528 4051 1591 adhuc
4098 1521 4196 1592 ve-

2722 1645 2948 1710 spere,
3025 1626 3136 1709 qui
3184 1626 3309 1689 fuit
3368 1628 3519 1690 anni
3571 1628 3763 1711 hujus
3822 1641 4195 1713 postremus,

2722 1729 3002 1811 primurn
3027 1746 3347 1789 venenum
3369 1729 3729 1792 Commodo
3753 1730 4012 1808 obtulit,
4037 1753 4198 1794 cum-

2728 1849 2857 1913 que
2887 1830 2943 1889 is
2980 1827 3147 1889 illud
3164 1826 3486 1908 rejectare
3504 1829 3828 1914 inciperet
3849 1876 3866 1910 ,
3913 1834 4049 1913 ejus
4082 1832 4206 1896 fau·

2730 1951 2841 1994 ces
2873 1949 2998 2013 per
3031 1931 3415 1992 arcessitum
3447 1931 3882 2013 gladiatorem
3914 1935 4066 1996 elidi
4085 1932 4203 2016 jus·

2731 2034 2836 2095 sit.
2925 2031 3134 2114 Igitur
3188 2032 3625 2108 Commodus,
3703 2035 3818 2118 qui
3868 2036 4207 2099 Domitiani

2727 2133 3024 2196 moribus
3062 2132 3260 2210 uixit,
3307 2134 3588 2196 similem
3623 2135 3821 2198 etiam
3861 2137 4098 2199 exitum
4114 2156 4207 2198 re·

2729 2238 2948 2320 perit,
3023 2235 3362 2318 uta-iusque
3424 2223 3676 2299 insidiis
3739 2259 3862 2303 suo
3930 2240 4204 2321 ipsorum

2728 2338 2926 2421 capiti
2957 2336 3264 2398 fatalibus
3293 2357 3327 2396 a
3349 2336 3576 2420 puello
3609 2338 3702 2400 nil
3735 2341 3871 2403 tale
3889 2340 4203 2424 cogitante

2727 2438 3006 2522 proditis
3040 2436 3123 2519 b).
3203 2438 3363 2518 Ejus
3422 2437 3637 2501 audita
3676 2459 3844 2503 nece
3883 2461 4121 2523 corpus
4144 2452 4209 2501 ut

2730 2539 2899 2601 unco
2957 2539 3361 2614 traheretur,
3423 2554 3491 2601 et
3537 2540 3604 2601 in
3638 2541 3938 2606 Tiberim
3981 2541 4206 2625 abjice·

2728 2655 2951 2715 retur,
3014 2663 3139 2702 una
3176 2661 3340 2703 voce
3374 2643 3728 2725 postulavit
3760 2659 4060 2720 senatus,
4105 2663 4211 2726 po-

2726 2743 3052 2826 pulusque
3076 2790 3094 2820 ,
3142 2756 3335 2827 atque
3386 2758 3488 2807 est
3522 2764 3762 2828 operae
3810 2747 4097 2830 pretium
4126 2747 4212 2809 le-

2729 2864 2889 2928 gere
2930 2844 3098 2928 apud
3131 2844 3578 2928 Lampridium
3618 2862 3878 2931 patrum
3908 2848 4212 2911 adclama-

2732 2945 2982 3021 tiones,
3058 2945 3294 3029 quibus
3340 2945 3582 3008 funesti
3629 2949 3920 3012 hominis
3981 2968 4216 3012 memo-

2730 3047 2894 3108 riam
2937 3046 3479 3125 exsecrabantur,
3543 3063 3609 3111 et
3655 3052 4067 3130 cumyivum
4093 3070 4214 3110 non

2733 3148 3087 3223 haberent,
3134 3163 3460 3211 mortuum
3493 3150 3573 3212 ad
3595 3171 3873 3234 poenam
3917 3151 4218 3236 deposce·

2732 3251 2906 3312 baut.
2968 3253 3050 3312 At
3079 3250 3388 3313 Pertinax
3415 3252 3545 3333 jam
3579 3267 3712 3315 tum
3757 3254 3979 3320 dietus
4024 3255 4219 3336 impe·

2732 3365 2913 3413 rator
2957 3372 3108 3413 eum
3160 3352 3427 3435 sepeliri
3481 3356 3799 3439 primum,
3869 3355 4108 3418 deinde
4161 3353 4222 3414 in

2732 3453 3048 3515 Hadriani
3068 3469 3557 3518 monumentum
3590 3457 3824 3520 inferri
3860 3458 4071 3540 jussit.
4126 3455 4220 3513 De

2736 3555 2877 3637 ejus
2916 3556 3411 3618 consecratione
3443 3573 3675 3642 agetur
3708 3559 3903 3622 infra,
3949 3558 4112 3638 Ejus
4145 3558 4225 3615 vi·

2733 3669 2867 3722 tam
2901 3655 3232 3739 scripsere
3275 3658 3724 3743 Lampridius,
3789 3663 3963 3739 Dio,
4027 3665 4226 3724 Hero·

2736 3756 2963 3819 dianus
2985 3801 3001 3831 ,
3046 3772 3310 3839 praeter
3340 3761 3618 3823 aliorum
3651 3765 4066 3846 compendia.

2865 3860 3048 3929 onr
3087 3862 3410 3940 Crispina,
3458 3862 3540 3925 de
3577 3885 3703 3949 qna
3733 3865 3930 3929 infirn-

3472 4066 3510 4104 ἱ

2738 4164 2817 4227 A.
3016 4165 3093 4227 L.
3129 4107 3347 4226 ἈΕΙῙ
3372 4110 3685 4234 ΑνΒΕῑΪ.
3727 4169 4231 4237 commatre.

3025 4268 3102 4332 Ρ.
3152 4268 3207 4328 F
3213 4269 3345 4328 EL.
3435 4272 3636 4350 Caput
3678 4274 3863 4335 vario
3935 4277 4115 4336 cultu
4160 4274 4227 4334 in

3034 4374 3208 4431 omni
3238 4373 3496 4432 metallo
3520 4382 3585 4433 et
3607 4376 3848 4454 forma.

2753 4468 2830 4529 B.
3034 4472 3111 4532 L.
3149 4472 3420 4542 AELIV
3423 4473 3492 4536 S.
3522 4476 4008 4578 AVRELIst.
4026 4475 4242 4542 COH-

1228 4679 1299 4755 a)
1343 4674 1596 4752 Capitol.
1635 4673 1697 4732 in
1733 4674 1937 4737 Aurel.
1977 4694 2030 4738 e.
2070 4689 2150 4749 19.

2300 4674 2385 4749 ι»)
2408 4674 2518 4734 1³10
2557 4673 2622 4735 L.
2645 4674 2884 4736 Lxxu.
2924 4677 2974 4750 §—
3005 4685 3089 4741 ιε.
