<?xml version="1.0" encoding="UTF-8"?>
<!DOCTYPE html PUBLIC "-//W3C//DTD XHTML 1.0 Transitional//EN"
    "http://www.w3.org/TR/xhtml1/DTD/xhtml1-transitional.dtd">
<html xmlns="http://www.w3.org/1999/xhtml" xml:lang="en" lang="en">
 <head>
  <title>
</title>
<meta http-equiv="Content-Type" content="text/html;charset=utf-8" />
  <meta name='ocr-system' content='tesseract 3.04.00' />
  <meta name='ocr-capabilities' content='ocr_page ocr_carea ocr_par ocr_line ocrx_word'/>
</head>
<body>
  <div class='ocr_page' id='page_1' title='image "./doctrinanumorum09unkngoog_0156.png"; bbox 0 0 4475 5584; ppageno 0'>
   <div class='ocr_carea' id='block_1_1' title="bbox 1093 474 1236 548">
    <p class='ocr_par' dir='ltr' id='par_1_1' title="bbox 1093 474 1236 548">
     <span class='ocr_line' id='line_1_1' title="bbox 1093 474 1236 548; baseline 0.028 -5"><span class='ocrx_word' id='word_1_1' title='bbox 1093 474 1236 548; x_wconf 55' lang='lat'><strong>141*</strong></span> 
     </span>
    </p>
   </div>
   <div class='ocr_carea' id='block_1_2' title="bbox 1089 634 2586 1105">
    <p class='ocr_par' dir='ltr' id='par_1_2' title="bbox 1092 634 2584 707">
     <span class='ocr_line' id='line_1_2' title="bbox 1092 634 2584 707; baseline -0.005 -3"><span class='ocrx_word' id='word_1_2' title='bbox 1092 639 1451 707; x_wconf 83' lang='lat' dir='ltr'><strong>PROVID.</strong></span> <span class='ocrx_word' id='word_1_3' title='bbox 1487 634 1760 702; x_wconf 85' lang='lat' dir='ltr'><strong>DEOR.</strong></span> <span class='ocrx_word' id='word_1_4' title='bbox 1796 635 1986 700; x_wconf 85' lang='lat' dir='ltr'><strong>COS.</strong></span> <span class='ocrx_word' id='word_1_5' title='bbox 2019 637 2099 697; x_wconf 91' lang='lat'><strong>11.</strong></span> <span class='ocrx_word' id='word_1_6' title='bbox 2147 637 2381 697; x_wconf 75' lang='lat' dir='ltr'><strong>Mulier</strong></span> <span class='ocrx_word' id='word_1_7' title='bbox 2402 644 2584 697; x_wconf 76' lang='lat' dir='ltr'><strong>stam</strong></span> 
     </span>
    </p>

    <p class='ocr_par' dir='ltr' id='par_1_3' title="bbox 1095 740 2586 818">
     <span class='ocr_line' id='line_1_3' title="bbox 1095 740 2586 818; baseline -0.005 -12"><span class='ocrx_word' id='word_1_8' title='bbox 1095 747 1424 806; x_wconf 72' lang='lat' dir='ltr'><strong>dexteram</strong></span> <span class='ocrx_word' id='word_1_9' title='bbox 1450 760 1668 802; x_wconf 78' lang='lat' dir='ltr'><strong>versus</strong></span> <span class='ocrx_word' id='word_1_10' title='bbox 1704 740 1961 818; x_wconf 73' lang='lat' dir='ltr'><strong>qlobum</strong></span> <span class='ocrx_word' id='word_1_11' title='bbox 1988 740 2317 798; x_wconf 75' lang='lat' dir='ltr'><strong>radiatum</strong></span> <span class='ocrx_word' id='word_1_12' title='bbox 2348 740 2418 798; x_wconf 74' lang='lat' dir='ltr'><strong>in</strong></span> <span class='ocrx_word' id='word_1_13' title='bbox 2436 756 2586 799; x_wconf 79' lang='lat' dir='ltr'><strong>aere</strong></span> 
     </span>
    </p>

    <p class='ocr_par' dir='ltr' id='par_1_4' title="bbox 1089 836 2585 925">
     <span class='ocr_line' id='line_1_4' title="bbox 1089 836 2585 925; baseline -0.006 -18"><span class='ocrx_word' id='word_1_14' title='bbox 1089 845 1435 925; x_wconf 75' lang='lat' dir='ltr'><strong>pendulum</strong></span> <span class='ocrx_word' id='word_1_15' title='bbox 1454 844 1752 921; x_wconf 75' lang='lat' dir='ltr'><strong>porriqit.</strong></span> <span class='ocrx_word' id='word_1_16' title='bbox 1798 839 1940 904; x_wconf 79' lang='lat' dir='ltr'><strong>AV.</strong></span> <span class='ocrx_word' id='word_1_17' title='bbox 1962 836 2100 900; x_wconf 84' lang='lat' dir='ltr'><strong>AR.</strong></span> <span class='ocrx_word' id='word_1_18' title='bbox 2147 837 2349 918; x_wconf 75' lang='lat' dir='ltr'><strong>(Mus.</strong></span> <span class='ocrx_word' id='word_1_19' title='bbox 2367 838 2585 921; x_wconf 88' lang='lat' dir='ltr'><strong>Caes.)</strong></span> 
     </span>
    </p>

    <p class='ocr_par' dir='ltr' id='par_1_5' title="bbox 1096 939 2486 1105">
     <span class='ocr_line' id='line_1_5' title="bbox 1096 939 2486 1024; baseline -0.009 -16"><span class='ocrx_word' id='word_1_20' title='bbox 1096 946 1236 1008; x_wconf 85' lang='grc' dir='ltr'><strong>ΑΕ.</strong></span> <span class='ocrx_word' id='word_1_21' title='bbox 1270 946 1322 1005; x_wconf 93' lang='lat'><strong>1.</strong></span> <span class='ocrx_word' id='word_1_22' title='bbox 1372 940 1717 1024; x_wconf 80' lang='lat' dir='ltr'><strong>(Reginae.</strong></span> <span class='ocrx_word' id='word_1_23' title='bbox 1756 939 1984 1021; x_wconf 88' lang='lat' dir='ltr'><strong>Suec.)</strong></span> <span class='ocrx_word' id='word_1_24' title='bbox 2473 956 2486 963; x_wconf 89' lang='lat'><strong>·</strong></span> 
     </span>
     <span class='ocr_line' id='line_1_6' title="bbox 1391 1045 1779 1105; baseline -0.01 0"><span class='ocrx_word' id='word_1_25' title='bbox 1391 1046 1475 1105; x_wconf 78' lang='lat' dir='ltr'><strong>Vt</strong></span> <span class='ocrx_word' id='word_1_26' title='bbox 1513 1045 1610 1104; x_wconf 78' lang='lat' dir='ltr'><strong>lit.</strong></span> <span class='ocrx_word' id='word_1_27' title='bbox 1643 1047 1727 1104; x_wconf 80' lang='lat' dir='ltr'><strong>A.</strong></span> <span class='ocrx_word' id='word_1_28' title='bbox 1772 1049 1779 1056; x_wconf 87' lang='lat'>&#39;</span> 
     </span>
    </p>
   </div>
   <div class='ocr_carea' id='block_1_3' title="bbox 1865 446 3344 540">
    <p class='ocr_par' dir='ltr' id='par_1_6' title="bbox 1865 446 3344 540">
     <span class='ocr_line' id='line_1_7' title="bbox 1865 446 3344 540; baseline 0.001 -14"><span class='ocrx_word' id='word_1_29' title='bbox 1865 451 1947 528; x_wconf 89' lang='lat' dir='ltr'><strong>P.</strong></span> <span class='ocrx_word' id='word_1_30' title='bbox 2048 446 2572 524; x_wconf 87' lang='lat' dir='ltr'>HELVIVS</span> <span class='ocrx_word' id='word_1_31' title='bbox 2668 447 3344 540; x_wconf 71' lang='lat' dir='ltr'><strong>PERTJNAX.</strong></span> 
     </span>
    </p>
   </div>
   <div class='ocr_carea' id='block_1_4' title="bbox 2699 632 4170 1130">
    <p class='ocr_par' dir='ltr' id='par_1_7' title="bbox 2699 632 4163 822">
     <span class='ocr_line' id='line_1_8' title="bbox 2700 632 4163 707; baseline 0.002 -8"><span class='ocrx_word' id='word_1_32' title='bbox 2700 637 3127 706; x_wconf 78' lang='lat' dir='ltr'><strong>SAECVLO.</strong></span> <span class='ocrx_word' id='word_1_33' title='bbox 3155 632 3703 707; x_wconf 65' lang='lat' dir='ltr'><strong>FRVGIFERO.</strong></span> <span class='ocrx_word' id='word_1_34' title='bbox 3758 640 4061 702; x_wconf 73' lang='lat' dir='ltr'><strong>Caducem</strong></span> <span class='ocrx_word' id='word_1_35' title='bbox 4075 641 4163 702; x_wconf 78' lang='lat' dir='ltr'><strong>in·</strong></span> 
     </span>
     <span class='ocr_line' id='line_1_9' title="bbox 2699 738 3543 822; baseline -0.005 -19"><span class='ocrx_word' id='word_1_36' title='bbox 2699 750 2796 803; x_wconf 81' lang='lat' dir='ltr'><strong>ter</strong></span> <span class='ocrx_word' id='word_1_37' title='bbox 2827 744 3063 821; x_wconf 75' lang='lat' dir='ltr'><strong>spicas.</strong></span> <span class='ocrx_word' id='word_1_38' title='bbox 3105 742 3245 804; x_wconf 81' lang='lat' dir='ltr'><strong>AR.</strong></span> <span class='ocrx_word' id='word_1_39' title='bbox 3288 738 3543 822; x_wconf 80' lang='lat' dir='ltr'><strong>(Vaill.)</strong></span> 
     </span>
    </p>

    <p class='ocr_par' dir='ltr' id='par_1_8' title="bbox 2699 840 4170 1130">
     <span class='ocr_line' id='line_1_10' title="bbox 2828 840 4170 919; baseline -0.001 -15"><span class='ocrx_word' id='word_1_40' title='bbox 2828 848 3148 904; x_wconf 77' lang='lat' dir='ltr'><strong>Annonae</strong></span> <span class='ocrx_word' id='word_1_41' title='bbox 3161 844 3628 903; x_wconf 78' lang='lat' dir='ltr'><strong>consultissime</strong></span> <span class='ocrx_word' id='word_1_42' title='bbox 3658 840 4170 919; x_wconf 71' lang='lat' dir='ltr'><strong>providissePer·</strong></span> 
     </span>
     <span class='ocr_line' id='line_1_11' title="bbox 2703 939 4160 1027; baseline -0.001 -21"><span class='ocrx_word' id='word_1_43' title='bbox 2703 941 2988 1006; x_wconf 79' lang='lat' dir='ltr'><strong>tinacem</strong></span> <span class='ocrx_word' id='word_1_44' title='bbox 3011 986 3029 1015; x_wconf 87' lang='lat'>‚</span> <span class='ocrx_word' id='word_1_45' title='bbox 3072 954 3350 1005; x_wconf 78' lang='lat' dir='ltr'><strong>testatur</strong></span> <span class='ocrx_word' id='word_1_46' title='bbox 3386 941 3788 1027; x_wconf 84' lang='lat' dir='ltr'><strong>Capitolinus</strong></span> <span class='ocrx_word' id='word_1_47' title='bbox 3818 939 3874 1021; x_wconf 61' lang='grc' dir='ltr'><strong>ὓ)</strong></span> <span class='ocrx_word' id='word_1_48' title='bbox 3897 986 3914 1017; x_wconf 91' lang='grc'><em>,</em></span> <span class='ocrx_word' id='word_1_49' title='bbox 3974 955 4038 1004; x_wconf 81' lang='lat' dir='ltr'><strong>et</strong></span> <span class='ocrx_word' id='word_1_50' title='bbox 4064 944 4160 1004; x_wconf 86' lang='lat' dir='ltr'><strong>rei</strong></span> 
     </span>
     <span class='ocr_line' id='line_1_12' title="bbox 2699 1041 4169 1130; baseline 0.002 -25"><span class='ocrx_word' id='word_1_51' title='bbox 2699 1041 3167 1107; x_wconf 79' lang='lat' dir='ltr'><strong>frumentariae</strong></span> <span class='ocrx_word' id='word_1_52' title='bbox 3222 1064 3414 1109; x_wconf 86' lang='lat' dir='ltr'><strong>causa</strong></span> <span class='ocrx_word' id='word_1_53' title='bbox 3461 1042 3835 1130; x_wconf 84' lang='lat' dir='ltr'><strong>profectum</strong></span> <span class='ocrx_word' id='word_1_54' title='bbox 3870 1041 3950 1106; x_wconf 87' lang='lat' dir='ltr'><strong>ad</strong></span> <span class='ocrx_word' id='word_1_55' title='bbox 3978 1061 4169 1120; x_wconf 68' lang='lat' dir='ltr'><strong>mare.</strong></span> 
     </span>
    </p>
   </div>
   <div class='ocr_carea' id='block_1_5' title="bbox 1097 1139 3191 1227">
    <p class='ocr_par' dir='ltr' id='par_1_9' title="bbox 1097 1139 3191 1227">
     <span class='ocr_line' id='line_1_13' title="bbox 1097 1139 3191 1227; baseline -0.004 -19"><span class='ocrx_word' id='word_1_56' title='bbox 1097 1141 1789 1216; x_wconf 67' lang='lat' dir='ltr'><strong>PnovaN‘mAE.</strong></span> <span class='ocrx_word' id='word_1_57' title='bbox 1832 1139 2238 1211; x_wconf 75' lang='lat' dir='ltr'><strong>DEORVM.</strong></span> <span class='ocrx_word' id='word_1_58' title='bbox 2284 1140 2473 1207; x_wconf 79' lang='lat' dir='ltr'><strong>cos,</strong></span> <span class='ocrx_word' id='word_1_59' title='bbox 2494 1142 2585 1204; x_wconf 91' lang='lat'><strong>11.</strong></span> <span class='ocrx_word' id='word_1_60' title='bbox 2697 1144 2909 1208; x_wconf 75' lang='lat' dir='ltr'><strong>refert</strong></span> <span class='ocrx_word' id='word_1_61' title='bbox 2940 1145 3072 1208; x_wconf 78' lang='lat' dir='ltr'><strong>nio</strong></span> <span class='ocrx_word' id='word_1_62' title='bbox 3104 1148 3191 1227; x_wconf 64' lang='grc' dir='ltr'><strong>ιι),</strong></span> 
     </span>
    </p>
   </div>
   <div class='ocr_carea' id='block_1_6' title="bbox 1101 1245 2589 1329">
    <p class='ocr_par' dir='ltr' id='par_1_10' title="bbox 1101 1245 2589 1329">
     <span class='ocr_line' id='line_1_14' title="bbox 1101 1245 2589 1329; baseline -0.003 -20"><span class='ocrx_word' id='word_1_63' title='bbox 1101 1250 1336 1310; x_wconf 77' lang='lat' dir='ltr'><strong>Mulier</strong></span> <span class='ocrx_word' id='word_1_64' title='bbox 1369 1257 1553 1307; x_wconf 78' lang='lat' dir='ltr'><strong>stans·</strong></span> <span class='ocrx_word' id='word_1_65' title='bbox 1589 1257 1920 1329; x_wconf 76' lang='lat' dir='ltr'><strong>utramque</strong></span> <span class='ocrx_word' id='word_1_66' title='bbox 1951 1264 2208 1305; x_wconf 76' lang='lat' dir='ltr'><strong>manum</strong></span> <span class='ocrx_word' id='word_1_67' title='bbox 2221 1245 2589 1324; x_wconf 69' lang='lat' dir='ltr'><strong>vermqlo·</strong></span> 
     </span>
    </p>
   </div>
   <div class='ocr_carea' id='block_1_7' title="bbox 1100 1346 2649 1425">
    <p class='ocr_par' dir='ltr' id='par_1_11' title="bbox 1100 1346 2649 1425">
     <span class='ocr_line' id='line_1_15' title="bbox 1100 1346 2649 1425; baseline -0.006 -12"><span class='ocrx_word' id='word_1_68' title='bbox 1100 1355 1246 1413; x_wconf 82' lang='lat' dir='ltr'><strong>bum</strong></span> <span class='ocrx_word' id='word_1_69' title='bbox 1268 1353 1340 1410; x_wconf 71' lang='grc' dir='ltr'><strong>ἐπ</strong></span> <span class='ocrx_word' id='word_1_70' title='bbox 1374 1367 1522 1409; x_wconf 77' lang='lat' dir='ltr'><strong>aere</strong></span> <span class='ocrx_word' id='word_1_71' title='bbox 1531 1349 1879 1425; x_wconf 77' lang='lat' dir='ltr'><strong>pendulum</strong></span> <span class='ocrx_word' id='word_1_72' title='bbox 1895 1389 1912 1421; x_wconf 95' lang='lat'><strong>,</strong></span> <span class='ocrx_word' id='word_1_73' title='bbox 1957 1349 2075 1408; x_wconf 80' lang='lat' dir='ltr'><strong>sed</strong></span> <span class='ocrx_word' id='word_1_74' title='bbox 2095 1364 2224 1407; x_wconf 82' lang='lat' dir='ltr'><strong>non</strong></span> <span class='ocrx_word' id='word_1_75' title='bbox 2241 1346 2587 1418; x_wconf 77' lang='lat' dir='ltr'><strong>radiatum,</strong></span> <span class='ocrx_word' id='word_1_76' title='bbox 2628 1380 2649 1389; x_wconf 89' lang='lat'><em>-</em></span> 
     </span>
    </p>
   </div>
   <div class='ocr_carea' id='block_1_8' title="bbox 1090 1443 2210 1532">
    <p class='ocr_par' dir='ltr' id='par_1_12' title="bbox 1090 1443 2210 1532">
     <span class='ocr_line' id='line_1_16' title="bbox 1090 1443 2210 1532; baseline -0.008 -16"><span class='ocrx_word' id='word_1_77' title='bbox 1090 1454 1391 1532; x_wconf 75' lang='lat' dir='ltr'><strong>porriqit.</strong></span> <span class='ocrx_word' id='word_1_78' title='bbox 1453 1451 1588 1510; x_wconf 85' lang='lat' dir='ltr'><strong>AE.</strong></span> <span class='ocrx_word' id='word_1_79' title='bbox 1621 1449 1705 1510; x_wconf 90' lang='lat'><strong>11.</strong></span> <span class='ocrx_word' id='word_1_80' title='bbox 1758 1448 1956 1527; x_wconf 79' lang='lat' dir='ltr'><strong>(Mus.</strong></span> <span class='ocrx_word' id='word_1_81' title='bbox 1993 1443 2210 1525; x_wconf 83' lang='lat' dir='ltr'><strong>Caes.)</strong></span> 
     </span>
    </p>
   </div>
   <div class='ocr_carea' id='block_1_9' title="bbox 2699 1348 4174 1518">
    <p class='ocr_par' dir='ltr' id='par_1_13' title="bbox 2699 1348 4174 1518">
     <span class='ocr_line' id='line_1_17' title="bbox 2992 1348 3684 1440; baseline 0 -32"><span class='ocrx_word' id='word_1_82' title='bbox 2992 1348 3077 1408; x_wconf 74' lang='lat' dir='ltr'><strong>Vc</strong></span> <span class='ocrx_word' id='word_1_83' title='bbox 3116 1348 3213 1409; x_wconf 73' lang='lat' dir='ltr'><strong>ut.</strong></span> <span class='ocrx_word' id='word_1_84' title='bbox 3245 1350 3328 1410; x_wconf 82' lang='lat' dir='ltr'><strong>A.</strong></span> <span class='ocrx_word' id='word_1_85' title='bbox 3355 1359 3422 1411; x_wconf 73' lang='lat' dir='ltr'><strong>et</strong></span> <span class='ocrx_word' id='word_1_86' title='bbox 3445 1353 3540 1440; x_wconf 25' lang='lat' dir='ltr'><strong>B..</strong></span> <span class='ocrx_word' id='word_1_87' title='bbox 3673 1377 3684 1391; x_wconf 84' lang='lat'><strong>·</strong></span> 
     </span>
     <span class='ocr_line' id='line_1_18' title="bbox 2699 1447 4174 1518; baseline -0.005 -1"><span class='ocrx_word' id='word_1_88' title='bbox 2699 1447 2912 1518; x_wconf 65' lang='grc' dir='ltr'><strong>νοτ.</strong></span> <span class='ocrx_word' id='word_1_89' title='bbox 2955 1449 3335 1510; x_wconf 81' lang='lat' dir='ltr'><strong>DECENN.</strong></span> <span class='ocrx_word' id='word_1_90' title='bbox 3384 1451 3524 1513; x_wconf 70' lang='grc' dir='ltr'><strong>ΤΒ.</strong></span> <span class='ocrx_word' id='word_1_91' title='bbox 3568 1450 3648 1513; x_wconf 79' lang='grc' dir='ltr'><strong>Ρ.</strong></span> <span class='ocrx_word' id='word_1_92' title='bbox 3693 1448 3883 1514; x_wconf 76' lang='lat'><strong>008.</strong></span> <span class='ocrx_word' id='word_1_93' title='bbox 3927 1450 4005 1510; x_wconf 89' lang='lat'><strong>11.</strong></span> <span class='ocrx_word' id='word_1_94' title='bbox 4058 1452 4174 1511; x_wconf 73' lang='lat' dir='ltr'><strong>sm·</strong></span> 
     </span>
    </p>
   </div>
   <div class='ocr_carea' id='block_1_10' title="bbox 1224 1542 4179 1633">
    <p class='ocr_par' dir='ltr' id='par_1_14' title="bbox 1224 1542 4179 1633">
     <span class='ocr_line' id='line_1_19' title="bbox 1224 1542 4179 1633; baseline -0.003 -20"><span class='ocrx_word' id='word_1_95' title='bbox 1224 1549 1690 1614; x_wconf 74' lang='lat' dir='ltr'><strong>Providentiae</strong></span> <span class='ocrx_word' id='word_1_96' title='bbox 1747 1548 2061 1633; x_wconf 76' lang='lat' dir='ltr'><strong>frequens</strong></span> <span class='ocrx_word' id='word_1_97' title='bbox 2114 1545 2244 1628; x_wconf 72' lang='lat' dir='ltr'><strong>J&#39;am</strong></span> <span class='ocrx_word' id='word_1_98' title='bbox 2289 1542 2446 1607; x_wconf 65' lang='lat' dir='ltr'><strong>inde</strong></span> <span class='ocrx_word' id='word_1_99' title='bbox 2507 1542 2590 1606; x_wconf 75' lang='lat' dir='ltr'><strong>ab</strong></span> <span class='ocrx_word' id='word_1_100' title='bbox 2695 1561 2961 1632; x_wconf 71' lang='lat' dir='ltr'><strong>perator</strong></span> <span class='ocrx_word' id='word_1_101' title='bbox 2991 1551 3239 1612; x_wconf 68' lang='lat' dir='ltr'><strong>velatus</strong></span> <span class='ocrx_word' id='word_1_102' title='bbox 3266 1560 3446 1612; x_wconf 67' lang='lat' dir='ltr'><strong>etam</strong></span> <span class='ocrx_word' id='word_1_103' title='bbox 3475 1555 3537 1612; x_wconf 78' lang='lat' dir='ltr'><strong>d.</strong></span> <span class='ocrx_word' id='word_1_104' title='bbox 3558 1562 3854 1629; x_wconf 76' lang='lat' dir='ltr'><strong>pateram</strong></span> <span class='ocrx_word' id='word_1_105' title='bbox 3889 1551 4179 1631; x_wconf 67' lang='lat' dir='ltr'><strong>snper-tri·</strong></span> 
     </span>
    </p>
   </div>
   <div class='ocr_carea' id='block_1_11' title="bbox 1096 1645 2597 2641">
    <p class='ocr_par' dir='ltr' id='par_1_15' title="bbox 1096 1645 2597 2641">
     <span class='ocr_line' id='line_1_20' title="bbox 1097 1645 2589 1738; baseline -0.007 -21"><span class='ocrx_word' id='word_1_106' title='bbox 1097 1657 1394 1738; x_wconf 82' lang='lat' dir='ltr'><strong>Augusto</strong></span> <span class='ocrx_word' id='word_1_107' title='bbox 1432 1651 1498 1713; x_wconf 91' lang='lat' dir='ltr'><strong>in</strong></span> <span class='ocrx_word' id='word_1_108' title='bbox 1518 1663 1779 1713; x_wconf 89' lang='lat' dir='ltr'><strong>moneta</strong></span> <span class='ocrx_word' id='word_1_109' title='bbox 1796 1648 2063 1711; x_wconf 87' lang='lat' dir='ltr'><strong>mentio.</strong></span> <span class='ocrx_word' id='word_1_110' title='bbox 2107 1645 2279 1732; x_wconf 82' lang='lat' dir='ltr'><strong>Typi</strong></span> <span class='ocrx_word' id='word_1_111' title='bbox 2302 1647 2589 1730; x_wconf 89' lang='lat' dir='ltr'><strong>primum</strong></span> 
     </span>
     <span class='ocr_line' id='line_1_21' title="bbox 1098 1746 2595 1834; baseline -0.005 -17"><span class='ocrx_word' id='word_1_112' title='bbox 1098 1754 1301 1817; x_wconf 81' lang='lat' dir='ltr'><strong>suere</strong></span> <span class='ocrx_word' id='word_1_113' title='bbox 1320 1775 1467 1831; x_wconf 87' lang='lat' dir='ltr'><strong>ara,</strong></span> <span class='ocrx_word' id='word_1_114' title='bbox 1511 1752 1800 1826; x_wconf 82' lang='lat' dir='ltr'><strong>fulmen,</strong></span> <span class='ocrx_word' id='word_1_115' title='bbox 1861 1749 2098 1834; x_wconf 84' lang='lat' dir='ltr'><strong>aquila.</strong></span> <span class='ocrx_word' id='word_1_116' title='bbox 2176 1749 2405 1811; x_wconf 88' lang='lat' dir='ltr'><strong>Serius</strong></span> <span class='ocrx_word' id='word_1_117' title='bbox 2453 1746 2595 1830; x_wconf 91' lang='lat' dir='ltr'><strong>glo·</strong></span> 
     </span>
     <span class='ocr_line' id='line_1_22' title="bbox 1096 1848 2597 1936; baseline -0.007 -16"><span class='ocrx_word' id='word_1_118' title='bbox 1096 1856 1254 1920; x_wconf 80' lang='lat' dir='ltr'><strong>bus‘</strong></span> <span class='ocrx_word' id='word_1_119' title='bbox 1306 1855 1392 1919; x_wconf 85' lang='lat' dir='ltr'><strong>ad</strong></span> <span class='ocrx_word' id='word_1_120' title='bbox 1476 1875 1621 1917; x_wconf 88' lang='lat' dir='ltr'><strong>eam</strong></span> <span class='ocrx_word' id='word_1_121' title='bbox 1681 1848 2144 1936; x_wconf 78' lang='lat' dir='ltr'><strong>designandam</strong></span> <span class='ocrx_word' id='word_1_122' title='bbox 2203 1849 2597 1933; x_wconf 88' lang='lat' dir='ltr'><strong>plerumque</strong></span> 
     </span>
     <span class='ocr_line' id='line_1_23' title="bbox 1102 1949 2595 2038; baseline -0.005 -18"><span class='ocrx_word' id='word_1_123' title='bbox 1102 1956 1431 2020; x_wconf 85' lang='lat' dir='ltr'><strong>adhibitus</strong></span> <span class='ocrx_word' id='word_1_124' title='bbox 1451 2000 1468 2031; x_wconf 90' lang='lat'><strong>,</strong></span> <span class='ocrx_word' id='word_1_125' title='bbox 1503 1953 1614 2038; x_wconf 84' lang='lat' dir='ltr'><strong>qui</strong></span> <span class='ocrx_word' id='word_1_126' title='bbox 1644 1952 1821 2015; x_wconf 84' lang='lat' dir='ltr'><strong>orbis</strong></span> <span class='ocrx_word' id='word_1_127' title='bbox 1854 1965 2179 2015; x_wconf 83' lang='lat' dir='ltr'><strong>terrarum</strong></span> <span class='ocrx_word' id='word_1_128' title='bbox 2203 1994 2222 2026; x_wconf 89' lang='lat'><strong>,</strong></span> <span class='ocrx_word' id='word_1_129' title='bbox 2271 1949 2595 2013; x_wconf 86' lang='lat' dir='ltr'><strong>autetiam</strong></span> 
     </span>
     <span class='ocr_line' id='line_1_24' title="bbox 1101 2050 2595 2136; baseline -0.007 -14"><span class='ocrx_word' id='word_1_130' title='bbox 1101 2057 1332 2121; x_wconf 82' lang='lat' dir='ltr'><strong>mundi</strong></span> <span class='ocrx_word' id='word_1_131' title='bbox 1421 2056 1620 2119; x_wconf 83' lang='lat' dir='ltr'><strong>totius</strong></span> <span class='ocrx_word' id='word_1_132' title='bbox 1691 2054 1910 2136; x_wconf 80' lang='lat' dir='ltr'><strong>imago</strong></span> <span class='ocrx_word' id='word_1_133' title='bbox 1984 2064 2106 2114; x_wconf 80' lang='lat' dir='ltr'><strong>est·</strong></span> <span class='ocrx_word' id='word_1_134' title='bbox 2196 2052 2451 2114; x_wconf 75' lang='lat' dir='ltr'><strong>Plinius</strong></span> <span class='ocrx_word' id='word_1_135' title='bbox 2500 2050 2595 2130; x_wconf 77' lang='lat'><strong>⁸)=</strong></span> 
     </span>
     <span class='ocr_line' id='line_1_25' title="bbox 1104 2152 2597 2237; baseline -0.008 -13"><span class='ocrx_word' id='word_1_136' title='bbox 1104 2161 1403 2224; x_wconf 80' lang='lat' dir='ltr'><strong>Formam</strong></span> <span class='ocrx_word' id='word_1_137' title='bbox 1429 2162 1570 2237; x_wconf 79' lang='lat' dir='ltr'><strong>ejus</strong></span> <span class='ocrx_word' id='word_1_138' title='bbox 1614 2152 1901 2235; x_wconf 87' lang='lat' dir='ltr'><strong>(mundi)</strong></span> <span class='ocrx_word' id='word_1_139' title='bbox 1963 2156 2033 2216; x_wconf 78' lang='lat' dir='ltr'><strong>s&#39;n</strong></span> <span class='ocrx_word' id='word_1_140' title='bbox 2086 2155 2356 2233; x_wconf 74' lang='lat' dir='ltr'><strong>speciem</strong></span> <span class='ocrx_word' id='word_1_141' title='bbox 2421 2154 2597 2213; x_wconf 77' lang='lat' dir='ltr'><strong>orbis</strong></span> 
     </span>
     <span class='ocr_line' id='line_1_26' title="bbox 1102 2254 2594 2340; baseline -0.007 -16"><span class='ocrx_word' id='word_1_142' title='bbox 1102 2262 1389 2324; x_wconf 73' lang='lat' dir='ltr'><strong>absoluti</strong></span> <span class='ocrx_word' id='word_1_143' title='bbox 1410 2261 1742 2340; x_wconf 74' lang='lat' dir='ltr'><strong>qlobatam</strong></span> <span class='ocrx_word' id='word_1_144' title='bbox 1774 2261 1949 2331; x_wconf 78' lang='lat' dir='ltr'><strong>esse,</strong></span> <span class='ocrx_word' id='word_1_145' title='bbox 1991 2274 2220 2317; x_wconf 75' lang='lat' dir='ltr'><strong>nomen</strong></span> <span class='ocrx_word' id='word_1_146' title='bbox 2251 2257 2323 2315; x_wconf 77' lang='lat' dir='ltr'><strong>in</strong></span> <span class='ocrx_word' id='word_1_147' title='bbox 2360 2254 2594 2333; x_wconf 72' lang='lat' dir='ltr'><strong>primis</strong></span> 
     </span>
     <span class='ocr_line' id='line_1_27' title="bbox 1105 2356 2592 2433; baseline -0.007 -9"><span class='ocrx_word' id='word_1_148' title='bbox 1105 2372 1176 2424; x_wconf 85' lang='lat' dir='ltr'><strong>et</strong></span> <span class='ocrx_word' id='word_1_149' title='bbox 1221 2381 1560 2423; x_wconf 73' lang='lat' dir='ltr'><strong>consensus</strong></span> <span class='ocrx_word' id='word_1_150' title='bbox 1608 2362 1680 2421; x_wconf 70' lang='grc' dir='ltr'><strong>ὄπ</strong></span> <span class='ocrx_word' id='word_1_151' title='bbox 1713 2378 1788 2420; x_wconf 81' lang='lat' dir='ltr'><strong>eo</strong></span> <span class='ocrx_word' id='word_1_152' title='bbox 1820 2358 2185 2418; x_wconf 76' lang='lat' dir='ltr'><strong>mortalium</strong></span> <span class='ocrx_word' id='word_1_153' title='bbox 2216 2356 2428 2417; x_wconf 83' lang='lat' dir='ltr'><strong>orbem</strong></span> <span class='ocrx_word' id='word_1_154' title='bbox 2480 2374 2592 2433; x_wconf 80' lang='lat' dir='ltr'><strong>ap·</strong></span> 
     </span>
     <span class='ocr_line' id='line_1_28' title="bbox 1098 2459 2596 2542; baseline -0.006 -17"><span class='ocrx_word' id='word_1_155' title='bbox 1098 2464 1481 2542; x_wconf 69' lang='lat' dir='ltr'><strong>pallantiam</strong></span> <span class='ocrx_word' id='word_1_156' title='bbox 1501 2502 1518 2534; x_wconf 95' lang='lat'><strong>,</strong></span> <span class='ocrx_word' id='word_1_157' title='bbox 1580 2463 1697 2522; x_wconf 81' lang='lat' dir='ltr'><strong>sed</strong></span> <span class='ocrx_word' id='word_1_158' title='bbox 1730 2468 1794 2521; x_wconf 81' lang='lat' dir='ltr'><strong>et</strong></span> <span class='ocrx_word' id='word_1_159' title='bbox 1820 2467 2196 2538; x_wconf 73' lang='lat' dir='ltr'><strong>aryumenta</strong></span> <span class='ocrx_word' id='word_1_160' title='bbox 2238 2476 2447 2518; x_wconf 77' lang='lat' dir='ltr'><strong>rerum</strong></span> <span class='ocrx_word' id='word_1_161' title='bbox 2484 2459 2596 2517; x_wconf 86' lang='lat' dir='ltr'><strong>do·</strong></span> 
     </span>
     <span class='ocr_line' id='line_1_29' title="bbox 1102 2555 2593 2641; baseline -0.003 -16"><span class='ocrx_word' id='word_1_162' title='bbox 1102 2573 1250 2627; x_wconf 79' lang='lat' dir='ltr'><strong>cent</strong></span> <span class='ocrx_word' id='word_1_163' title='bbox 1261 2569 1287 2639; x_wconf 79' lang='lat'><strong>,&#39;</strong></span> <span class='ocrx_word' id='word_1_164' title='bbox 1324 2575 1392 2625; x_wconf 85' lang='lat' dir='ltr'><strong>et</strong></span> <span class='ocrx_word' id='word_1_165' title='bbox 1423 2559 1701 2624; x_wconf 83' lang='lat' dir='ltr'><strong>Ovidius</strong></span> <span class='ocrx_word' id='word_1_166' title='bbox 1730 2555 1836 2641; x_wconf 77' lang='lat'><strong>¹²):</strong></span> <span class='ocrx_word' id='word_1_167' title='bbox 1904 2562 2098 2620; x_wconf 78' lang='lat' dir='ltr'><strong>Terra</strong></span> <span class='ocrx_word' id='word_1_168' title='bbox 2124 2560 2308 2636; x_wconf 72' lang='lat' dir='ltr'><strong>pilae</strong></span> <span class='ocrx_word' id='word_1_169' title='bbox 2337 2559 2593 2620; x_wconf 72' lang='lat' dir='ltr'><strong>similis.</strong></span> 
     </span>
    </p>
   </div>
   <div class='ocr_carea' id='block_1_12' title="bbox 990 2657 2596 2746">
    <p class='ocr_par' dir='ltr' id='par_1_16' title="bbox 990 2657 2596 2746">
     <span class='ocr_line' id='line_1_30' title="bbox 990 2657 2596 2746; baseline -0.011 -12"><span class='ocrx_word' id='word_1_170' title='bbox 990 2727 997 2734; x_wconf 88' lang='lat'><strong>.</strong></span> <span class='ocrx_word' id='word_1_171' title='bbox 1080 2666 1236 2746; x_wconf 55' lang='lat' dir='ltr'><strong>,Hic</strong></span> <span class='ocrx_word' id='word_1_172' title='bbox 1274 2661 1441 2727; x_wconf 89' lang='lat' dir='ltr'><strong>adeo</strong></span> <span class='ocrx_word' id='word_1_173' title='bbox 1493 2660 1729 2746; x_wconf 79' lang='lat' dir='ltr'>globus</span> <span class='ocrx_word' id='word_1_174' title='bbox 1778 2658 2007 2722; x_wconf 87' lang='lat' dir='ltr'><strong>orbem</strong></span> <span class='ocrx_word' id='word_1_175' title='bbox 2043 2670 2371 2720; x_wconf 75' lang='lat' dir='ltr'><strong>terrarum</strong></span> <span class='ocrx_word' id='word_1_176' title='bbox 2418 2657 2596 2740; x_wconf 87' lang='lat' dir='ltr'><strong>prin-</strong></span> 
     </span>
    </p>
   </div>
   <div class='ocr_carea' id='block_1_13' title="bbox 1096 2758 2596 3149">
    <p class='ocr_par' dir='ltr' id='par_1_17' title="bbox 1096 2758 2596 3149">
     <span class='ocr_line' id='line_1_31' title="bbox 1106 2758 2592 2850; baseline -0.008 -20"><span class='ocrx_word' id='word_1_177' title='bbox 1106 2765 1362 2850; x_wconf 85' lang='lat' dir='ltr'><strong>cipibus</strong></span> <span class='ocrx_word' id='word_1_178' title='bbox 1420 2762 1696 2827; x_wconf 88' lang='lat' dir='ltr'><strong>deorum</strong></span> <span class='ocrx_word' id='word_1_179' title='bbox 1743 2758 2154 2845; x_wconf 74' lang='lat' dir='ltr'><strong>providentia</strong></span> <span class='ocrx_word' id='word_1_180' title='bbox 2195 2758 2592 2843; x_wconf 86' lang='lat' dir='ltr'><strong>permissum</strong></span> 
     </span>
     <span class='ocr_line' id='line_1_32' title="bbox 1103 2857 2594 2949; baseline -0.006 -18"><span class='ocrx_word' id='word_1_181' title='bbox 1103 2867 1392 2943; x_wconf 83' lang='lat' dir='ltr'><strong>indicat,</strong></span> <span class='ocrx_word' id='word_1_182' title='bbox 1438 2877 1631 2949; x_wconf 83' lang='lat' dir='ltr'><strong>atque</strong></span> <span class='ocrx_word' id='word_1_183' title='bbox 1652 2863 1825 2927; x_wconf 89' lang='lat' dir='ltr'><strong>hunc</strong></span> <span class='ocrx_word' id='word_1_184' title='bbox 1864 2862 1967 2923; x_wconf 91' lang='lat' dir='ltr'><strong>illi</strong></span> <span class='ocrx_word' id='word_1_185' title='bbox 2021 2862 2144 2924; x_wconf 88' lang='lat' dir='ltr'><strong>hac</strong></span> <span class='ocrx_word' id='word_1_186' title='bbox 2174 2857 2594 2945; x_wconf 85' lang='lat' dir='ltr'><strong>significatio·</strong></span> 
     </span>
     <span class='ocr_line' id='line_1_33' title="bbox 1096 2962 2594 3051; baseline -0.007 -19"><span class='ocrx_word' id='word_1_187' title='bbox 1096 2988 1190 3031; x_wconf 77' lang='lat' dir='ltr'><strong>ne</strong></span> <span class='ocrx_word' id='word_1_188' title='bbox 1220 2986 1416 3050; x_wconf 82' lang='lat' dir='ltr'><strong>saepe</strong></span> <span class='ocrx_word' id='word_1_189' title='bbox 1469 2987 1661 3029; x_wconf 87' lang='lat' dir='ltr'><strong>manu</strong></span> <span class='ocrx_word' id='word_1_190' title='bbox 1700 2977 1982 3051; x_wconf 85' lang='lat' dir='ltr'><strong>gestant,</strong></span> <span class='ocrx_word' id='word_1_191' title='bbox 2033 2962 2337 3048; x_wconf 88' lang='lat' dir='ltr'><strong>imposita</strong></span> <span class='ocrx_word' id='word_1_192' title='bbox 2397 2979 2594 3043; x_wconf 85' lang='lat' dir='ltr'><strong>saepe</strong></span> 
     </span>
     <span class='ocr_line' id='line_1_34' title="bbox 1098 3059 2596 3149; baseline -0.01 -12"><span class='ocrx_word' id='word_1_193' title='bbox 1098 3067 1506 3144; x_wconf 83' lang='lat' dir='ltr'><strong>Victoriola,</strong></span> <span class='ocrx_word' id='word_1_194' title='bbox 1585 3081 1654 3132; x_wconf 81' lang='lat' dir='ltr'><strong>et</strong></span> <span class='ocrx_word' id='word_1_195' title='bbox 1723 3064 2128 3149; x_wconf 75' lang='lat' dir='ltr'><strong>temporibus</strong></span> <span class='ocrx_word' id='word_1_196' title='bbox 2206 3059 2596 3126; x_wconf 84' lang='lat' dir='ltr'><strong>Christianis</strong></span> 
     </span>
    </p>
   </div>
   <div class='ocr_carea' id='block_1_14' title="bbox 984 3159 2600 3252">
    <p class='ocr_par' dir='ltr' id='par_1_18' title="bbox 984 3159 2600 3252">
     <span class='ocr_line' id='line_1_35' title="bbox 984 3159 2600 3252; baseline -0.006 -22"><span class='ocrx_word' id='word_1_197' title='bbox 984 3219 993 3230; x_wconf 92' lang='lat'><strong>.</strong></span> <span class='ocrx_word' id='word_1_198' title='bbox 1107 3189 1344 3246; x_wconf 89' lang='lat' dir='ltr'><strong>cruce,</strong></span> <span class='ocrx_word' id='word_1_199' title='bbox 1402 3181 1586 3232; x_wconf 83' lang='lat' dir='ltr'><strong>etue</strong></span> <span class='ocrx_word' id='word_1_200' title='bbox 1644 3168 1702 3230; x_wconf 87' lang='lat' dir='ltr'><strong>is</strong></span> <span class='ocrx_word' id='word_1_201' title='bbox 1746 3167 2027 3252; x_wconf 79' lang='lat' dir='ltr'><strong>simplex</strong></span> <span class='ocrx_word' id='word_1_202' title='bbox 2083 3164 2322 3250; x_wconf 77' lang='lat' dir='ltr'><strong>globus</strong></span> <span class='ocrx_word' id='word_1_203' title='bbox 2354 3159 2600 3223; x_wconf 87' lang='lat' dir='ltr'><strong>intelli-</strong></span> 
     </span>
    </p>
   </div>
   <div class='ocr_carea' id='block_1_15' title="bbox 1008 3261 2599 4163">
    <p class='ocr_par' dir='ltr' id='par_1_19' title="bbox 1008 3261 2599 4163">
     <span class='ocr_line' id='line_1_36' title="bbox 1008 3261 2594 3353; baseline -0.008 -19"><span class='ocrx_word' id='word_1_204' title='bbox 1008 3337 1013 3342; x_wconf 65' lang='lat'><strong>,</strong></span> <span class='ocrx_word' id='word_1_205' title='bbox 1109 3285 1379 3353; x_wconf 79' lang='lat' dir='ltr'><strong>geretur</strong></span> <span class='ocrx_word' id='word_1_206' title='bbox 1405 3312 1423 3345; x_wconf 91' lang='lat'><strong>,</strong></span> <span class='ocrx_word' id='word_1_207' title='bbox 1493 3288 1956 3352; x_wconf 82' lang='lat' dir='ltr'><strong>nonnunquam</strong></span> <span class='ocrx_word' id='word_1_208' title='bbox 2026 3265 2215 3330; x_wconf 82' lang='lat' dir='ltr'><strong>zonis</strong></span> <span class='ocrx_word' id='word_1_209' title='bbox 2289 3261 2594 3338; x_wconf 83' lang='lat' dir='ltr'><strong>ambitur,</strong></span> 
     </span>
     <span class='ocr_line' id='line_1_37' title="bbox 1108 3366 2599 3455; baseline -0.005 -23"><span class='ocrx_word' id='word_1_210' title='bbox 1108 3390 1275 3455; x_wconf 87' lang='lat' dir='ltr'><strong>quae</strong></span> <span class='ocrx_word' id='word_1_211' title='bbox 1320 3369 1509 3431; x_wconf 88' lang='lat' dir='ltr'><strong>zonis</strong></span> <span class='ocrx_word' id='word_1_212' title='bbox 1561 3367 1962 3430; x_wconf 85' lang='lat' dir='ltr'><strong>coelestibus</strong></span> <span class='ocrx_word' id='word_1_213' title='bbox 2018 3366 2462 3449; x_wconf 83' lang='lat' dir='ltr'><strong>respondent,</strong></span> <span class='ocrx_word' id='word_1_214' title='bbox 2523 3375 2599 3425; x_wconf 82' lang='lat' dir='ltr'><strong>ut</strong></span> 
     </span>
     <span class='ocr_line' id='line_1_38' title="bbox 1108 3465 2597 3552; baseline -0.004 -20"><span class='ocrx_word' id='word_1_215' title='bbox 1108 3472 1179 3533; x_wconf 88' lang='lat' dir='ltr'><strong>in</strong></span> <span class='ocrx_word' id='word_1_216' title='bbox 1207 3470 1490 3532; x_wconf 85' lang='lat' dir='ltr'><strong>denariis</strong></span> <span class='ocrx_word' id='word_1_217' title='bbox 1512 3467 1810 3531; x_wconf 80' lang='lat' dir='ltr'><strong>Mussidii</strong></span> <span class='ocrx_word' id='word_1_218' title='bbox 1831 3467 2065 3552; x_wconf 87' lang='lat' dir='ltr'><strong>Longi.</strong></span> <span class='ocrx_word' id='word_1_219' title='bbox 2109 3468 2304 3529; x_wconf 88' lang='lat' dir='ltr'><strong>Hunc</strong></span> <span class='ocrx_word' id='word_1_220' title='bbox 2326 3465 2597 3551; x_wconf 83' lang='lat' dir='ltr'><strong>globum</strong></span> 
     </span>
     <span class='ocr_line' id='line_1_39' title="bbox 1028 3566 2599 3656; baseline -0.004 -21"><span class='ocrx_word' id='word_1_221' title='bbox 1028 3611 1031 3616; x_wconf 94' lang='lat'>-</span> <span class='ocrx_word' id='word_1_222' title='bbox 1078 3570 1344 3656; x_wconf 84' lang='lat' dir='ltr'><strong>genius</strong></span> <span class='ocrx_word' id='word_1_223' title='bbox 1412 3570 1754 3633; x_wconf 86' lang='lat' dir='ltr'><strong>muliebris</strong></span> <span class='ocrx_word' id='word_1_224' title='bbox 1814 3584 1924 3632; x_wconf 84' lang='lat' dir='ltr'><strong>aut</strong></span> <span class='ocrx_word' id='word_1_225' title='bbox 1952 3568 2134 3631; x_wconf 89' lang='lat' dir='ltr'><strong>humi</strong></span> <span class='ocrx_word' id='word_1_226' title='bbox 2168 3566 2455 3652; x_wconf 87' lang='lat' dir='ltr'><strong>positum</strong></span> <span class='ocrx_word' id='word_1_227' title='bbox 2497 3588 2599 3629; x_wconf 83' lang='lat' dir='ltr'><strong>ra-</strong></span> 
     </span>
     <span class='ocr_line' id='line_1_40' title="bbox 1114 3668 2596 3756; baseline -0.003 -21"><span class='ocrx_word' id='word_1_228' title='bbox 1114 3674 1263 3750; x_wconf 90' lang='lat' dir='ltr'><strong>dio,</strong></span> <span class='ocrx_word' id='word_1_229' title='bbox 1306 3673 1412 3735; x_wconf 79' lang='lat' dir='ltr'><strong>vel</strong></span> <span class='ocrx_word' id='word_1_230' title='bbox 1446 3672 1688 3736; x_wconf 86' lang='lat' dir='ltr'><strong>bacillo</strong></span> <span class='ocrx_word' id='word_1_231' title='bbox 1721 3671 2023 3756; x_wconf 78' lang='lat' dir='ltr'><strong>designat</strong></span> <span class='ocrx_word' id='word_1_232' title='bbox 2049 3715 2068 3748; x_wconf 91' lang='lat'><strong>,</strong></span> <span class='ocrx_word' id='word_1_233' title='bbox 2111 3668 2224 3755; x_wconf 90' lang='lat' dir='ltr'><strong>qui</strong></span> <span class='ocrx_word' id='word_1_234' title='bbox 2262 3683 2453 3751; x_wconf 82' lang='lat' dir='ltr'><strong>typus</strong></span> <span class='ocrx_word' id='word_1_235' title='bbox 2493 3680 2596 3731; x_wconf 70' lang='lat' dir='ltr'><strong>est</strong></span> 
     </span>
     <span class='ocr_line' id='line_1_41' title="bbox 1113 3766 2595 3857; baseline -0.005 -20"><span class='ocrx_word' id='word_1_236' title='bbox 1113 3775 1379 3850; x_wconf 79' lang='lat' dir='ltr'><strong>obvius,</strong></span> <span class='ocrx_word' id='word_1_237' title='bbox 1455 3785 1600 3848; x_wconf 82' lang='lat' dir='ltr'><strong>aut,</strong></span> <span class='ocrx_word' id='word_1_238' title='bbox 1686 3772 1865 3857; x_wconf 86' lang='lat' dir='ltr'><strong>quod</strong></span> <span class='ocrx_word' id='word_1_239' title='bbox 1907 3772 2055 3835; x_wconf 82' lang='lat' dir='ltr'><strong>fere</strong></span> <span class='ocrx_word' id='word_1_240' title='bbox 2100 3771 2168 3832; x_wconf 89' lang='lat' dir='ltr'><strong>in</strong></span> <span class='ocrx_word' id='word_1_241' title='bbox 2223 3766 2595 3833; x_wconf 81' lang='lat' dir='ltr'><strong>Pertinacis</strong></span> 
     </span>
     <span class='ocr_line' id='line_1_42' title="bbox 1112 3872 2595 3956; baseline -0.003 -19"><span class='ocrx_word' id='word_1_242' title='bbox 1112 3875 1325 3940; x_wconf 87' lang='lat' dir='ltr'><strong>numis</strong></span> <span class='ocrx_word' id='word_1_243' title='bbox 1381 3888 1627 3937; x_wconf 84' lang='lat' dir='ltr'><strong>tantum</strong></span> <span class='ocrx_word' id='word_1_244' title='bbox 1682 3874 2104 3950; x_wconf 82' lang='lat' dir='ltr'><strong>observatur,</strong></span> <span class='ocrx_word' id='word_1_245' title='bbox 2161 3872 2449 3956; x_wconf 78' lang='lat' dir='ltr'><strong>desuper</strong></span> <span class='ocrx_word' id='word_1_246' title='bbox 2476 3872 2595 3934; x_wconf 89' lang='lat' dir='ltr'><strong>im-</strong></span> 
     </span>
     <span class='ocr_line' id='line_1_43' title="bbox 1113 3974 2598 4060; baseline -0.001 -23"><span class='ocrx_word' id='word_1_247' title='bbox 1113 3977 1382 4037; x_wconf 85' lang='lat' dir='ltr'><strong>missum</strong></span> <span class='ocrx_word' id='word_1_248' title='bbox 1403 3975 1727 4060; x_wconf 88' lang='lat' dir='ltr'><strong>porrectis</strong></span> <span class='ocrx_word' id='word_1_249' title='bbox 1753 3975 2049 4038; x_wconf 88' lang='lat' dir='ltr'><strong>manibus</strong></span> <span class='ocrx_word' id='word_1_250' title='bbox 2072 3974 2337 4041; x_wconf 79' lang='lat' dir='ltr'><strong>videtur</strong></span> <span class='ocrx_word' id='word_1_251' title='bbox 2367 3992 2598 4057; x_wconf 84' lang='lat' dir='ltr'><strong>accep-</strong></span> 
     </span>
     <span class='ocr_line' id='line_1_44' title="bbox 1114 4075 2598 4163; baseline -0.003 -23"><span class='ocrx_word' id='word_1_252' title='bbox 1114 4092 1285 4153; x_wconf 89' lang='lat' dir='ltr'><strong>tare,</strong></span> <span class='ocrx_word' id='word_1_253' title='bbox 1343 4090 1409 4140; x_wconf 83' lang='lat' dir='ltr'><strong>et</strong></span> <span class='ocrx_word' id='word_1_254' title='bbox 1454 4096 1649 4163; x_wconf 88' lang='lat' dir='ltr'><strong>saepe</strong></span> <span class='ocrx_word' id='word_1_255' title='bbox 1709 4075 1974 4162; x_wconf 81' lang='lat' dir='ltr'><strong>quidem</strong></span> <span class='ocrx_word' id='word_1_256' title='bbox 2022 4075 2222 4139; x_wconf 82' lang='lat' dir='ltr'><strong>radiis</strong></span> <span class='ocrx_word' id='word_1_257' title='bbox 2273 4088 2598 4152; x_wconf 83' lang='lat' dir='ltr'><strong>ornatum,</strong></span> 
     </span>
    </p>
   </div>
   <div class='ocr_carea' id='block_1_16' title="bbox 1114 4177 2328 4262">
    <p class='ocr_par' dir='ltr' id='par_1_20' title="bbox 1114 4177 2328 4262">
     <span class='ocr_line' id='line_1_45' title="bbox 1114 4177 2328 4262; baseline 0.003 -22"><span class='ocrx_word' id='word_1_258' title='bbox 1114 4191 1188 4242; x_wconf 86' lang='lat' dir='ltr'><strong>ut</strong></span> <span class='ocrx_word' id='word_1_259' title='bbox 1222 4179 1514 4243; x_wconf 87' lang='lat' dir='ltr'><strong>coeleste</strong></span> <span class='ocrx_word' id='word_1_260' title='bbox 1552 4199 1785 4242; x_wconf 87' lang='lat' dir='ltr'><strong>munus</strong></span> <span class='ocrx_word' id='word_1_261' title='bbox 1814 4177 2328 4262; x_wconf 81' lang='lat' dir='ltr'><strong>intelligeretur.</strong></span> 
     </span>
    </p>
   </div>
   <div class='ocr_carea' id='block_1_17' title="bbox 1680 4280 2045 4363">
    <p class='ocr_par' dir='ltr' id='par_1_21' title="bbox 1680 4280 2045 4363">
     <span class='ocr_line' id='line_1_46' title="bbox 1680 4280 2045 4363; baseline -0.005 0"><span class='ocrx_word' id='word_1_262' title='bbox 1680 4321 1720 4363; x_wconf 54' lang='lat' dir='ltr'>Q</span> <span class='ocrx_word' id='word_1_263' title='bbox 1843 4280 1883 4320; x_wconf 41' lang='lat' dir='ltr'><em>O</em></span> <span class='ocrx_word' id='word_1_264' title='bbox 2006 4321 2045 4361; x_wconf 55' lang='lat' dir='ltr'><strong>fi</strong></span> 
     </span>
    </p>
   </div>
   <div class='ocr_carea' id='block_1_18' title="bbox 1402 4383 1937 4444">
    <p class='ocr_par' dir='ltr' id='par_1_22' title="bbox 1402 4383 1937 4444">
     <span class='ocr_line' id='line_1_47' title="bbox 1402 4383 1937 4444; baseline 0.004 -1"><span class='ocrx_word' id='word_1_265' title='bbox 1402 4383 1641 4443; x_wconf 75' lang='lat' dir='ltr'><strong>Antica</strong></span> <span class='ocrx_word' id='word_1_266' title='bbox 1674 4386 1937 4444; x_wconf 78' lang='lat' dir='ltr'><strong>incerta·</strong></span> 
     </span>
    </p>
   </div>
   <div class='ocr_carea' id='block_1_19' title="bbox 1121 4614 2327 4785">
    <p class='ocr_par' dir='ltr' id='par_1_23' title="bbox 1121 4614 2327 4785">
     <span class='ocr_line' id='line_1_48' title="bbox 1228 4614 1913 4692; baseline 0.003 -18"><span class='ocrx_word' id='word_1_267' title='bbox 1228 4621 1292 4692; x_wconf 76' lang='lat' dir='ltr'><strong>a)</strong></span> <span class='ocrx_word' id='word_1_268' title='bbox 1328 4617 1401 4675; x_wconf 83' lang='lat' dir='ltr'><strong>H.</strong></span> <span class='ocrx_word' id='word_1_269' title='bbox 1438 4617 1512 4675; x_wconf 86' lang='lat' dir='ltr'><strong>N.</strong></span> <span class='ocrx_word' id='word_1_270' title='bbox 1549 4616 1615 4674; x_wconf 92' lang='lat' dir='ltr'><strong>L.</strong></span> <span class='ocrx_word' id='word_1_271' title='bbox 1654 4614 1727 4676; x_wconf 91' lang='lat'><strong>11.</strong></span> <span class='ocrx_word' id='word_1_272' title='bbox 1764 4619 1816 4691; x_wconf 78' lang='lat'><strong>§.</strong></span> <span class='ocrx_word' id='word_1_273' title='bbox 1855 4628 1913 4678; x_wconf 85' lang='lat'><strong>2.</strong></span> 
     </span>
     <span class='ocr_line' id='line_1_49' title="bbox 1121 4706 2327 4785; baseline 0.001 -19"><span class='ocrx_word' id='word_1_274' title='bbox 1121 4706 1288 4785; x_wconf 89' lang='lat' dir='ltr'><strong>pitol.</strong></span> <span class='ocrx_word' id='word_1_275' title='bbox 1329 4727 1378 4765; x_wconf 89' lang='lat' dir='ltr'><strong>c.</strong></span> <span class='ocrx_word' id='word_1_276' title='bbox 1418 4717 1504 4771; x_wconf 80' lang='lat'><strong>15.</strong></span> <span class='ocrx_word' id='word_1_277' title='bbox 1544 4706 1822 4785; x_wconf 81' lang='lat' dir='ltr'><strong>Spartian</strong></span> <span class='ocrx_word' id='word_1_278' title='bbox 1855 4706 1916 4766; x_wconf 90' lang='lat' dir='ltr'><strong>in</strong></span> <span class='ocrx_word' id='word_1_279' title='bbox 1945 4706 2163 4769; x_wconf 85' lang='lat' dir='ltr'><strong>Severo</strong></span> <span class='ocrx_word' id='word_1_280' title='bbox 2194 4728 2244 4769; x_wconf 88' lang='lat' dir='ltr'><strong>c.</strong></span> <span class='ocrx_word' id='word_1_281' title='bbox 2275 4722 2327 4775; x_wconf 82' lang='grc'><strong>7.</strong></span> 
     </span>
    </p>
   </div>
   <div class='ocr_carea' id='block_1_20' title="bbox 2052 4617 3098 4785">
    <p class='ocr_par' dir='ltr' id='par_1_24' title="bbox 2052 4617 3098 4785">
     <span class='ocr_line' id='line_1_50' title="bbox 2052 4617 2616 4696; baseline 0.012 -20"><span class='ocrx_word' id='word_1_282' title='bbox 2052 4617 2124 4693; x_wconf 80' lang='lat' dir='ltr'><strong>b)</strong></span> <span class='ocrx_word' id='word_1_283' title='bbox 2159 4620 2316 4679; x_wconf 81' lang='lat' dir='ltr'><strong>Fast.</strong></span> <span class='ocrx_word' id='word_1_284' title='bbox 2342 4620 2445 4682; x_wconf 75' lang='lat' dir='ltr'><strong>vl.</strong></span> <span class='ocrx_word' id='word_1_285' title='bbox 2482 4624 2616 4696; x_wconf 54' lang='lat'><strong>2692</strong></span> 
     </span>
     <span class='ocr_line' id='line_1_51' title="bbox 2470 4711 3098 4785; baseline -0.006 -13"><span class='ocrx_word' id='word_1_286' title='bbox 2470 4711 2525 4785; x_wconf 84' lang='lat' dir='ltr'><strong>s)</strong></span> <span class='ocrx_word' id='word_1_287' title='bbox 2561 4712 2628 4772; x_wconf 80' lang='lat'><strong>1..</strong></span> <span class='ocrx_word' id='word_1_288' title='bbox 2663 4711 2926 4772; x_wconf 82' lang='lat' dir='ltr'><strong>LXXIV.</strong></span> <span class='ocrx_word' id='word_1_289' title='bbox 2965 4716 3015 4785; x_wconf 79' lang='lat'><strong>§.</strong></span> <span class='ocrx_word' id='word_1_290' title='bbox 3041 4720 3098 4772; x_wconf 78' lang='grc'><strong>4.</strong></span> 
     </span>
    </p>
   </div>
   <div class='ocr_carea' id='block_1_21' title="bbox 2700 1649 4179 1835">
    <p class='ocr_par' dir='ltr' id='par_1_25' title="bbox 2700 1649 4179 1835">
     <span class='ocr_line' id='line_1_52' title="bbox 2700 1649 4179 1733; baseline -0.003 -18"><span class='ocrx_word' id='word_1_291' title='bbox 2700 1656 2867 1731; x_wconf 74' lang='lat' dir='ltr'><strong>podo</strong></span> <span class='ocrx_word' id='word_1_292' title='bbox 2896 1671 3086 1713; x_wconf 79' lang='lat' dir='ltr'><strong>sacra</strong></span> <span class='ocrx_word' id='word_1_293' title='bbox 3113 1653 3310 1733; x_wconf 73' lang='lat' dir='ltr'><strong>facit.</strong></span> <span class='ocrx_word' id='word_1_294' title='bbox 3375 1653 3508 1721; x_wconf 83' lang='lat' dir='ltr'><strong>AV.</strong></span> <span class='ocrx_word' id='word_1_295' title='bbox 3542 1652 3683 1716; x_wconf 77' lang='lat' dir='ltr'><strong>An.</strong></span> <span class='ocrx_word' id='word_1_296' title='bbox 3708 1654 3849 1717; x_wconf 83' lang='grc' dir='ltr'><strong>ΔΕ.</strong></span> <span class='ocrx_word' id='word_1_297' title='bbox 3878 1655 3925 1717; x_wconf 92' lang='lat'><strong>1.</strong></span> <span class='ocrx_word' id='word_1_298' title='bbox 3968 1649 4179 1733; x_wconf 72' lang='lat' dir='ltr'><strong>(Vaill.</strong></span> 
     </span>
     <span class='ocr_line' id='line_1_53' title="bbox 2709 1751 3432 1835; baseline 0 -21"><span class='ocrx_word' id='word_1_299' title='bbox 2709 1755 2879 1815; x_wconf 80' lang='lat' dir='ltr'><strong>Mus.</strong></span> <span class='ocrx_word' id='word_1_300' title='bbox 2920 1753 3103 1814; x_wconf 87' lang='lat' dir='ltr'><strong>Caes.</strong></span> <span class='ocrx_word' id='word_1_301' title='bbox 3144 1751 3432 1835; x_wconf 85' lang='lat' dir='ltr'><strong>Theup.)</strong></span> 
     </span>
    </p>
   </div>
   <div class='ocr_carea' id='block_1_22' title="bbox 2705 1852 4177 2044">
    <p class='ocr_par' dir='ltr' id='par_1_26' title="bbox 2705 1852 4177 2044">
     <span class='ocr_line' id='line_1_54' title="bbox 2838 1852 4177 1936; baseline 0.001 -23"><span class='ocrx_word' id='word_1_302' title='bbox 2838 1852 3308 1936; x_wconf 85' lang='lat' dir='ltr'><strong>Intelliguntnr</strong></span> <span class='ocrx_word' id='word_1_303' title='bbox 3362 1866 3515 1917; x_wconf 80' lang='lat' dir='ltr'><strong>vota</strong></span> <span class='ocrx_word' id='word_1_304' title='bbox 3564 1854 3837 1919; x_wconf 87' lang='lat' dir='ltr'><strong>ineunte</strong></span> <span class='ocrx_word' id='word_1_305' title='bbox 3872 1853 4177 1918; x_wconf 84' lang='lat' dir='ltr'><strong>decennio</strong></span> 
     </span>
     <span class='ocr_line' id='line_1_55' title="bbox 2705 1953 3944 2044; baseline -0.001 -25"><span class='ocrx_word' id='word_1_306' title='bbox 2705 1953 2796 2019; x_wconf 77' lang='lat' dir='ltr'><strong>ad</strong></span> <span class='ocrx_word' id='word_1_307' title='bbox 2829 1953 2972 2039; x_wconf 85' lang='lat' dir='ltr'><strong>ejus</strong></span> <span class='ocrx_word' id='word_1_308' title='bbox 3004 1953 3169 2017; x_wconf 80' lang='lat' dir='ltr'><strong>felix</strong></span> <span class='ocrx_word' id='word_1_309' title='bbox 3192 1954 3597 2018; x_wconf 88' lang='lat' dir='ltr'><strong>curriculum</strong></span> <span class='ocrx_word' id='word_1_310' title='bbox 3623 1972 3944 2044; x_wconf 84' lang='lat' dir='ltr'><strong>suscepta.</strong></span> 
     </span>
    </p>
   </div>
   <div class='ocr_carea' id='block_1_23' title="bbox 3069 2123 3822 2191">
    <p class='ocr_par' dir='ltr' id='par_1_27' title="bbox 3069 2123 3822 2191">
     <span class='ocr_line' id='line_1_56' title="bbox 3069 2123 3822 2191; baseline 0.008 -8"><span class='ocrx_word' id='word_1_311' title='bbox 3069 2123 3335 2185; x_wconf 69' lang='lat' dir='ltr'><strong>Divus</strong></span> <span class='ocrx_word' id='word_1_312' title='bbox 3389 2124 3822 2191; x_wconf 66' lang='lat' dir='ltr'><strong>Pertinax.</strong></span> 
     </span>
    </p>
   </div>
   <div class='ocr_carea' id='block_1_24' title="bbox 2701 2273 4183 2566">
    <p class='ocr_par' dir='ltr' id='par_1_28' title="bbox 2701 2273 4183 2566">
     <span class='ocr_line' id='line_1_57' title="bbox 2832 2273 4172 2342; baseline 0.004 -7"><span class='ocrx_word' id='word_1_313' title='bbox 2832 2273 3144 2337; x_wconf 82' lang='lat' dir='ltr'><strong>Pertinax</strong></span> <span class='ocrx_word' id='word_1_314' title='bbox 3177 2296 3216 2336; x_wconf 88' lang='lat' dir='ltr'><strong>a</strong></span> <span class='ocrx_word' id='word_1_315' title='bbox 3261 2295 3646 2340; x_wconf 70' lang='lat' dir='ltr'><strong>successore</strong></span> <span class='ocrx_word' id='word_1_316' title='bbox 3689 2275 3948 2342; x_wconf 84' lang='lat' dir='ltr'><strong>Iuliano</strong></span> <span class='ocrx_word' id='word_1_317' title='bbox 3985 2277 4172 2341; x_wconf 81' lang='lat' dir='ltr'><strong>alium</strong></span> 
     </span>
     <span class='ocr_line' id='line_1_58' title="bbox 2701 2371 4180 2462; baseline 0.002 -27"><span class='ocrx_word' id='word_1_318' title='bbox 2701 2371 3028 2438; x_wconf 81' lang='lat' dir='ltr'><strong>bonorem</strong></span> <span class='ocrx_word' id='word_1_319' title='bbox 3047 2390 3313 2458; x_wconf 88' lang='lat' dir='ltr'><strong>praeter</strong></span> <span class='ocrx_word' id='word_1_320' title='bbox 3349 2378 3725 2462; x_wconf 82' lang='lat' dir='ltr'><strong>magnificas</strong></span> <span class='ocrx_word' id='word_1_321' title='bbox 3755 2379 4006 2443; x_wconf 82' lang='lat' dir='ltr'><strong>funeris</strong></span> <span class='ocrx_word' id='word_1_322' title='bbox 4038 2397 4180 2441; x_wconf 83' lang='lat' dir='ltr'><strong>exe-</strong></span> 
     </span>
     <span class='ocr_line' id='line_1_59' title="bbox 2706 2476 4183 2566; baseline 0.004 -30"><span class='ocrx_word' id='word_1_323' title='bbox 2706 2477 2888 2561; x_wconf 86' lang='lat' dir='ltr'><strong>quias</strong></span> <span class='ocrx_word' id='word_1_324' title='bbox 2926 2496 3057 2538; x_wconf 86' lang='lat' dir='ltr'><strong>non</strong></span> <span class='ocrx_word' id='word_1_325' title='bbox 3113 2491 3213 2544; x_wconf 81' lang='lat' dir='ltr'><strong>est</strong></span> <span class='ocrx_word' id='word_1_326' title='bbox 3273 2476 3640 2543; x_wconf 83' lang='lat' dir='ltr'><strong>adsecutus.</strong></span> <span class='ocrx_word' id='word_1_327' title='bbox 3710 2481 3800 2544; x_wconf 82' lang='lat' dir='ltr'><strong>At</strong></span> <span class='ocrx_word' id='word_1_328' title='bbox 3852 2493 4183 2566; x_wconf 84' lang='lat' dir='ltr'><strong>postquam</strong></span> 
     </span>
    </p>
   </div>
   <div class='ocr_carea' id='block_1_25' title="bbox 2703 2578 4320 2665">
    <p class='ocr_par' dir='ltr' id='par_1_29' title="bbox 2703 2578 4320 2665">
     <span class='ocr_line' id='line_1_60' title="bbox 2703 2578 4320 2665; baseline 0.005 -27"><span class='ocrx_word' id='word_1_329' title='bbox 2703 2578 2762 2639; x_wconf 88' lang='lat' dir='ltr'><strong>is</strong></span> <span class='ocrx_word' id='word_1_330' title='bbox 2805 2597 3067 2662; x_wconf 84' lang='lat' dir='ltr'><strong>quoque</strong></span> <span class='ocrx_word' id='word_1_331' title='bbox 3123 2600 3160 2640; x_wconf 87' lang='lat' dir='ltr'><strong>a</strong></span> <span class='ocrx_word' id='word_1_332' title='bbox 3191 2579 3507 2662; x_wconf 70' lang='lat' dir='ltr'><strong>militibus</strong></span> <span class='ocrx_word' id='word_1_333' title='bbox 3552 2581 3856 2656; x_wconf 78' lang='lat' dir='ltr'><strong>desertus</strong></span> <span class='ocrx_word' id='word_1_334' title='bbox 3894 2596 4028 2658; x_wconf 90' lang='lat' dir='ltr'><strong>est,</strong></span> <span class='ocrx_word' id='word_1_335' title='bbox 4069 2593 4185 2665; x_wconf 77' lang='lat' dir='ltr'><strong>pet</strong></span> <span class='ocrx_word' id='word_1_336' title='bbox 4311 2639 4320 2646; x_wconf 92' lang='lat'><strong>.</strong></span> 
     </span>
    </p>
   </div>
   <div class='ocr_carea' id='block_1_26' title="bbox 2707 2682 4184 2972">
    <p class='ocr_par' dir='ltr' id='par_1_30' title="bbox 2707 2682 4184 2972">
     <span class='ocr_line' id='line_1_61' title="bbox 2707 2682 4179 2764; baseline 0.001 -23"><span class='ocrx_word' id='word_1_337' title='bbox 2707 2692 3001 2750; x_wconf 80' lang='lat' dir='ltr'><strong>senatum</strong></span> <span class='ocrx_word' id='word_1_338' title='bbox 3039 2692 3105 2741; x_wconf 89' lang='lat' dir='ltr'><strong>et</strong></span> <span class='ocrx_word' id='word_1_339' title='bbox 3131 2682 3446 2764; x_wconf 86' lang='lat' dir='ltr'><strong>populum</strong></span> <span class='ocrx_word' id='word_1_340' title='bbox 3478 2682 3546 2743; x_wconf 88' lang='lat' dir='ltr'><strong>in</strong></span> <span class='ocrx_word' id='word_1_341' title='bbox 3583 2684 3744 2747; x_wconf 87' lang='lat' dir='ltr'><strong>deos</strong></span> <span class='ocrx_word' id='word_1_342' title='bbox 3770 2687 4015 2749; x_wconf 79' lang='lat' dir='ltr'><strong>relatus</strong></span> <span class='ocrx_word' id='word_1_343' title='bbox 4042 2682 4179 2745; x_wconf 80' lang='lat' dir='ltr'><strong>fuit.</strong></span> 
     </span>
     <span class='ocr_line' id='line_1_62' title="bbox 2707 2781 4184 2869; baseline 0.003 -28"><span class='ocrx_word' id='word_1_344' title='bbox 2707 2781 2766 2841; x_wconf 80' lang='lat' dir='ltr'>A</span> <span class='ocrx_word' id='word_1_345' title='bbox 2800 2782 3051 2846; x_wconf 83' lang='lat' dir='ltr'><strong>Severo</strong></span> <span class='ocrx_word' id='word_1_346' title='bbox 3084 2781 3448 2846; x_wconf 82' lang='lat' dir='ltr'><strong>Pertinacis</strong></span> <span class='ocrx_word' id='word_1_347' title='bbox 3485 2782 3659 2848; x_wconf 86' lang='lat' dir='ltr'><strong>filius</strong></span> <span class='ocrx_word' id='word_1_348' title='bbox 3705 2786 3911 2869; x_wconf 86' lang='lat' dir='ltr'><strong>patris</strong></span> <span class='ocrx_word' id='word_1_349' title='bbox 3955 2783 4184 2848; x_wconf 86' lang='lat' dir='ltr'><strong>flamen</strong></span> 
     </span>
     <span class='ocr_line' id='line_1_63' title="bbox 2709 2881 4182 2972; baseline 0.003 -28"><span class='ocrx_word' id='word_1_350' title='bbox 2709 2881 2920 2946; x_wconf 80' lang='lat' dir='ltr'><strong>factus</strong></span> <span class='ocrx_word' id='word_1_351' title='bbox 2958 2896 3093 2958; x_wconf 85' lang='lat' dir='ltr'><strong>est,</strong></span> <span class='ocrx_word' id='word_1_352' title='bbox 3148 2897 3217 2945; x_wconf 87' lang='lat' dir='ltr'><strong>et</strong></span> <span class='ocrx_word' id='word_1_353' title='bbox 3239 2885 3556 2949; x_wconf 80' lang='lat' dir='ltr'><strong>Marciani</strong></span> <span class='ocrx_word' id='word_1_354' title='bbox 3592 2885 3886 2963; x_wconf 84' lang='lat' dir='ltr'><strong>sodales,</strong></span> <span class='ocrx_word' id='word_1_355' title='bbox 3931 2887 4042 2972; x_wconf 87' lang='lat' dir='ltr'><strong>qui</strong></span> <span class='ocrx_word' id='word_1_356' title='bbox 4057 2884 4182 2949; x_wconf 78' lang='lat' dir='ltr'><strong>divi</strong></span> 
     </span>
    </p>
   </div>
   <div class='ocr_carea' id='block_1_27' title="bbox 2691 2983 4187 3066">
    <p class='ocr_par' dir='ltr' id='par_1_31' title="bbox 2691 2983 4187 3066">
     <span class='ocr_line' id='line_1_64' title="bbox 2691 2983 4187 3066; baseline -0.001 -19"><span class='ocrx_word' id='word_1_357' title='bbox 2691 2983 3072 3049; x_wconf 77' lang='lat' dir='ltr'><strong>·M.Aurelii</strong></span> <span class='ocrx_word' id='word_1_358' title='bbox 3107 3004 3288 3048; x_wconf 82' lang='lat' dir='ltr'><strong>sacra</strong></span> <span class='ocrx_word' id='word_1_359' title='bbox 3315 2989 3660 3066; x_wconf 73' lang='lat' dir='ltr'><strong>curabant„</strong></span> <span class='ocrx_word' id='word_1_360' title='bbox 3703 2987 4015 3052; x_wconf 84' lang='lat' dir='ltr'><strong>Helviani</strong></span> <span class='ocrx_word' id='word_1_361' title='bbox 4046 2997 4187 3048; x_wconf 81' lang='lat' dir='ltr'><strong>sunt</strong></span> 
     </span>
    </p>
   </div>
   <div class='ocr_carea' id='block_1_28' title="bbox 2711 3084 4185 3174">
    <p class='ocr_par' dir='ltr' id='par_1_32' title="bbox 2711 3084 4185 3174">
     <span class='ocr_line' id='line_1_65' title="bbox 2711 3084 4185 3174; baseline 0.002 -27"><span class='ocrx_word' id='word_1_362' title='bbox 2711 3084 2889 3151; x_wconf 77' lang='lat' dir='ltr'><strong>dicti.</strong></span> <span class='ocrx_word' id='word_1_363' title='bbox 2933 3085 3161 3147; x_wconf 84' lang='lat' dir='ltr'><strong>Additi</strong></span> <span class='ocrx_word' id='word_1_364' title='bbox 3193 3087 3537 3152; x_wconf 84' lang='lat' dir='ltr'><strong>Circenses</strong></span> <span class='ocrx_word' id='word_1_365' title='bbox 3562 3134 3578 3164; x_wconf 90' lang='lat'><strong>,</strong></span> <span class='ocrx_word' id='word_1_366' title='bbox 3625 3101 3691 3150; x_wconf 90' lang='lat' dir='ltr'><strong>et</strong></span> <span class='ocrx_word' id='word_1_367' title='bbox 3725 3089 3988 3174; x_wconf 83' lang='lat' dir='ltr'><strong>imperii</strong></span> <span class='ocrx_word' id='word_1_368' title='bbox 4019 3100 4185 3150; x_wconf 84' lang='lat' dir='ltr'><strong>nata·</strong></span> 
     </span>
    </p>
   </div>
   <div class='ocr_carea' id='block_1_29' title="bbox 2709 3186 4320 3275">
    <p class='ocr_par' dir='ltr' id='par_1_33' title="bbox 2709 3186 4320 3275">
     <span class='ocr_line' id='line_1_66' title="bbox 2709 3186 4320 3275; baseline -0.001 -24"><span class='ocrx_word' id='word_1_369' title='bbox 2709 3187 2816 3266; x_wconf 87' lang='lat' dir='ltr'><strong>lis,</strong></span> <span class='ocrx_word' id='word_1_370' title='bbox 2863 3186 2980 3249; x_wconf 86' lang='lat' dir='ltr'><strong>sed</strong></span> <span class='ocrx_word' id='word_1_371' title='bbox 3015 3188 3127 3272; x_wconf 87' lang='lat' dir='ltr'><strong>qui</strong></span> <span class='ocrx_word' id='word_1_372' title='bbox 3160 3211 3195 3251; x_wconf 87' lang='lat' dir='ltr'><strong>a</strong></span> <span class='ocrx_word' id='word_1_373' title='bbox 3217 3190 3465 3253; x_wconf 80' lang='lat' dir='ltr'><strong>Severo</strong></span> <span class='ocrx_word' id='word_1_374' title='bbox 3499 3190 3737 3254; x_wconf 80' lang='lat' dir='ltr'><strong>sublati</strong></span> <span class='ocrx_word' id='word_1_375' title='bbox 3772 3206 4003 3275; x_wconf 86' lang='lat' dir='ltr'><strong>postea</strong></span> <span class='ocrx_word' id='word_1_376' title='bbox 4023 3200 4183 3261; x_wconf 81' lang='lat' dir='ltr'><strong>sunt,</strong></span> <span class='ocrx_word' id='word_1_377' title='bbox 4307 3201 4320 3210; x_wconf 87' lang='lat'><strong>·</strong></span> 
     </span>
    </p>
   </div>
   <div class='ocr_carea' id='block_1_30' title="bbox 2710 3289 4187 3682">
    <p class='ocr_par' dir='ltr' id='par_1_34' title="bbox 2710 3289 4187 3682">
     <span class='ocr_line' id='line_1_67' title="bbox 2710 3289 4183 3377; baseline 0 -26"><span class='ocrx_word' id='word_1_378' title='bbox 2710 3289 2805 3351; x_wconf 89' lang='lat' dir='ltr'><strong>sic</strong></span> <span class='ocrx_word' id='word_1_379' title='bbox 2845 3303 3086 3365; x_wconf 83' lang='lat' dir='ltr'><strong>tamen,</strong></span> <span class='ocrx_word' id='word_1_380' title='bbox 3133 3304 3206 3353; x_wconf 85' lang='lat' dir='ltr'><strong>ut</strong></span> <span class='ocrx_word' id='word_1_381' title='bbox 3231 3304 3573 3355; x_wconf 86' lang='lat' dir='ltr'><strong>manerent</strong></span> <span class='ocrx_word' id='word_1_382' title='bbox 3603 3291 4025 3377; x_wconf 83' lang='lat' dir='ltr'><strong>genethliaci,</strong></span> <span class='ocrx_word' id='word_1_383' title='bbox 4055 3289 4183 3352; x_wconf 83' lang='lat' dir='ltr'><strong>sive</strong></span> 
     </span>
     <span class='ocr_line' id='line_1_68' title="bbox 2712 3391 4187 3476; baseline -0.001 -23"><span class='ocrx_word' id='word_1_384' title='bbox 2712 3391 3071 3476; x_wconf 85' lang='lat' dir='ltr'><strong>genitalicii</strong></span> <span class='ocrx_word' id='word_1_385' title='bbox 3104 3393 3183 3473; x_wconf 61' lang='grc' dir='ltr'><strong>θ).</strong></span> <span class='ocrx_word' id='word_1_386' title='bbox 3259 3393 3702 3457; x_wconf 80' lang='lat' dir='ltr'><strong>caerimonias</strong></span> <span class='ocrx_word' id='word_1_387' title='bbox 3728 3394 3796 3455; x_wconf 88' lang='lat' dir='ltr'><strong>in</strong></span> <span class='ocrx_word' id='word_1_388' title='bbox 3830 3394 3934 3455; x_wconf 89' lang='lat' dir='ltr'><strong>his</strong></span> <span class='ocrx_word' id='word_1_389' title='bbox 3972 3409 4187 3458; x_wconf 83' lang='lat' dir='ltr'><strong>conse·</strong></span> 
     </span>
     <span class='ocr_line' id='line_1_69' title="bbox 2711 3480 4186 3560; baseline 0 -4"><span class='ocrx_word' id='word_1_390' title='bbox 2711 3493 3023 3557; x_wconf 83' lang='lat' dir='ltr'><strong>crationis</strong></span> <span class='ocrx_word' id='word_1_391' title='bbox 3068 3480 3445 3558; x_wconf 84' lang='lat' dir='ltr'><strong>solennibus</strong></span> <span class='ocrx_word' id='word_1_392' title='bbox 3491 3515 3528 3556; x_wconf 83' lang='lat' dir='ltr'><strong>a</strong></span> <span class='ocrx_word' id='word_1_393' title='bbox 3577 3496 3830 3560; x_wconf 82' lang='lat' dir='ltr'><strong>Severo</strong></span> <span class='ocrx_word' id='word_1_394' title='bbox 3875 3493 4186 3558; x_wconf 82' lang='lat' dir='ltr'><strong>adhibitas</strong></span> 
     </span>
     <span class='ocr_line' id='line_1_70' title="bbox 2712 3592 3914 3682; baseline 0.006 -27"><span class='ocrx_word' id='word_1_395' title='bbox 2712 3593 2982 3678; x_wconf 81' lang='lat' dir='ltr'><strong>copiose</strong></span> <span class='ocrx_word' id='word_1_396' title='bbox 3013 3592 3328 3660; x_wconf 82' lang='lat' dir='ltr'><strong>describit</strong></span> <span class='ocrx_word' id='word_1_397' title='bbox 3360 3597 3489 3660; x_wconf 89' lang='lat' dir='ltr'><strong>Dio</strong></span> <span class='ocrx_word' id='word_1_398' title='bbox 3524 3609 3792 3682; x_wconf 82' lang='lat' dir='ltr'><strong>autopta</strong></span> <span class='ocrx_word' id='word_1_399' title='bbox 3836 3592 3914 3681; x_wconf 59' lang='grc' dir='ltr'><strong>ἴ).</strong></span> 
     </span>
    </p>
   </div>
   <div class='ocr_carea' id='block_1_31' title="bbox 3423 3781 3464 3821">
    <p class='ocr_par' dir='ltr' id='par_1_35' title="bbox 3423 3781 3464 3821">
     <span class='ocr_line' id='line_1_71' title="bbox 3423 3781 3464 3821; baseline 0 0"><span class='ocrx_word' id='word_1_400' title='bbox 3423 3781 3464 3821; x_wconf 47' lang='grc' dir='ltr'><strong>ᾔ</strong></span> 
     </span>
    </p>
   </div>
   <div class='ocr_carea' id='block_1_32' title="bbox 2712 3822 4186 4166">
    <p class='ocr_par' dir='ltr' id='par_1_36' title="bbox 2712 3822 4186 4166">
     <span class='ocr_line' id='line_1_72' title="bbox 2992 3822 4186 3951; baseline -0.001 -10"><span class='ocrx_word' id='word_1_401' title='bbox 2992 3822 3299 3950; x_wconf 46' lang='grc' dir='ltr'>ΒΙΠΒΤ</span> <span class='ocrx_word' id='word_1_402' title='bbox 3320 3826 3768 3951; x_wconf 49' lang='lat' dir='ltr'><strong>PER&#39;rfPIV</strong></span> <span class='ocrx_word' id='word_1_403' title='bbox 3773 3882 3843 3950; x_wconf 90' lang='lat' dir='ltr'><strong>S.</strong></span> <span class='ocrx_word' id='word_1_404' title='bbox 3882 3882 4186 3947; x_wconf 74' lang='lat' dir='ltr'><strong>PATER.</strong></span> 
     </span>
     <span class='ocr_line' id='line_1_73' title="bbox 2996 3986 3485 4063; baseline 0.008 -19"><span class='ocrx_word' id='word_1_405' title='bbox 2996 3986 3197 4063; x_wconf 80' lang='lat' dir='ltr'><strong>Caput</strong></span> <span class='ocrx_word' id='word_1_406' title='bbox 3226 3988 3485 4048; x_wconf 81' lang='lat' dir='ltr'><strong>nudum.</strong></span> 
     </span>
     <span class='ocr_line' id='line_1_74' title="bbox 2712 4080 4185 4166; baseline 0.002 -22"><span class='ocrx_word' id='word_1_407' title='bbox 2712 4080 3296 4146; x_wconf 83' lang='lat' dir='ltr'><strong>AETERNITAS.</strong></span> <span class='ocrx_word' id='word_1_408' title='bbox 3372 4088 3645 4166; x_wconf 74' lang='lat' dir='ltr'><strong>Sn‘ynnm</strong></span> <span class='ocrx_word' id='word_1_409' title='bbox 3691 4088 4056 4156; x_wconf 67' lang='lat' dir='ltr'><strong>Pertinacis</strong></span> <span class='ocrx_word' id='word_1_410' title='bbox 4118 4088 4185 4147; x_wconf 76' lang='lat' dir='ltr'><strong>in</strong></span> 
     </span>
    </p>
   </div>
   <div class='ocr_carea' id='block_1_33' title="bbox 2711 4185 4252 4466">
    <p class='ocr_par' dir='ltr' id='par_1_37' title="bbox 2711 4185 4252 4466">
     <span class='ocr_line' id='line_1_75' title="bbox 2711 4185 4252 4270; baseline 0.001 -27"><span class='ocrx_word' id='word_1_411' title='bbox 2711 4187 3046 4266; x_wconf 69' lang='lat' dir='ltr'><strong>quadriqis</strong></span> <span class='ocrx_word' id='word_1_412' title='bbox 3062 4188 3551 4263; x_wconf 73' lang='lat' dir='ltr'><strong>elephantorum.</strong></span> <span class='ocrx_word' id='word_1_413' title='bbox 3565 4190 3706 4252; x_wconf 81' lang='grc' dir='ltr'><strong>ΑΕ.</strong></span> <span class='ocrx_word' id='word_1_414' title='bbox 3726 4210 3814 4253; x_wconf 86' lang='lat' dir='ltr'><strong>m.</strong></span> <span class='ocrx_word' id='word_1_415' title='bbox 3831 4209 3920 4252; x_wconf 86' lang='lat' dir='ltr'><strong>m.</strong></span> <span class='ocrx_word' id='word_1_416' title='bbox 3941 4189 4032 4270; x_wconf 88' lang='lat' dir='ltr'><strong>(V</strong></span> <span class='ocrx_word' id='word_1_417' title='bbox 4031 4185 4188 4263; x_wconf 75' lang='lat' dir='ltr'><strong>ain.)</strong></span> <span class='ocrx_word' id='word_1_418' title='bbox 4241 4205 4252 4208; x_wconf 89' lang='lat'>·</span> 
     </span>
     <span class='ocr_line' id='line_1_76' title="bbox 2838 4283 4193 4377; baseline 0.004 -32"><span class='ocrx_word' id='word_1_419' title='bbox 2838 4283 3266 4368; x_wconf 83' lang='lat' dir='ltr'><strong>Epigraphen</strong></span> <span class='ocrx_word' id='word_1_420' title='bbox 3325 4288 3574 4352; x_wconf 87' lang='lat' dir='ltr'><strong>anticae</strong></span> <span class='ocrx_word' id='word_1_421' title='bbox 3635 4290 3996 4377; x_wconf 81' lang='lat' dir='ltr'><strong>explicabit</strong></span> <span class='ocrx_word' id='word_1_422' title='bbox 4047 4286 4193 4356; x_wconf 84' lang='lat' dir='ltr'><strong>Vic-</strong></span> 
     </span>
     <span class='ocr_line' id='line_1_77' title="bbox 2711 4385 4185 4466; baseline 0.005 -22"><span class='ocrx_word' id='word_1_423' title='bbox 2711 4397 2821 4446; x_wconf 77' lang='lat' dir='ltr'><strong>tor</strong></span> <span class='ocrx_word' id='word_1_424' title='bbox 2850 4385 2935 4466; x_wconf 77' lang='lat' dir='ltr'><strong>s).</strong></span> <span class='ocrx_word' id='word_1_425' title='bbox 2985 4387 3348 4465; x_wconf 79' lang='lat' dir='ltr'><strong>Nimirum,</strong></span> <span class='ocrx_word' id='word_1_426' title='bbox 3412 4390 3742 4466; x_wconf 72' lang='lat' dir='ltr'><strong>Pertinaci</strong></span> <span class='ocrx_word' id='word_1_427' title='bbox 3785 4401 4185 4464; x_wconf 80' lang='lat' dir='ltr'><strong>consecrato,</strong></span> 
     </span>
    </p>
   </div>
   <div class='ocr_carea' id='block_1_34' title="bbox 3218 4603 3853 4792">
    <p class='ocr_par' dir='ltr' id='par_1_38' title="bbox 3218 4603 3853 4792">
     <span class='ocr_line' id='line_1_78' title="bbox 3218 4603 3853 4701; baseline -0.002 -19"><span class='ocrx_word' id='word_1_428' title='bbox 3218 4622 3289 4695; x_wconf 82' lang='lat' dir='ltr'><strong>d)</strong></span> <span class='ocrx_word' id='word_1_429' title='bbox 3325 4623 3394 4683; x_wconf 86' lang='lat' dir='ltr'><strong>L.</strong></span> <span class='ocrx_word' id='word_1_430' title='bbox 3423 4622 3691 4683; x_wconf 76' lang='lat' dir='ltr'><strong>Lxan</strong></span> <span class='ocrx_word' id='word_1_431' title='bbox 3723 4603 3853 4701; x_wconf 53' lang='lat' dir='ltr'><strong>§.a</strong></span> 
     </span>
     <span class='ocr_line' id='line_1_79' title="bbox 3246 4713 3731 4792; baseline 0.004 -23"><span class='ocrx_word' id='word_1_432' title='bbox 3246 4720 3311 4792; x_wconf 83' lang='lat' dir='ltr'><strong>g)</strong></span> <span class='ocrx_word' id='word_1_433' title='bbox 3339 4713 3411 4771; x_wconf 86' lang='lat' dir='ltr'><strong>in</strong></span> <span class='ocrx_word' id='word_1_434' title='bbox 3442 4713 3731 4792; x_wconf 79' lang='lat' dir='ltr'><strong>Epitome.</strong></span> 
     </span>
    </p>
   </div>
   <div class='ocr_carea' id='block_1_35' title="bbox 2750 4594 4187 4699">
    <p class='ocr_par' dir='ltr' id='par_1_39' title="bbox 2750 4594 4187 4699">
     <span class='ocr_line' id='line_1_80' title="bbox 2750 4594 4187 4699; baseline -0.001 -19"><span class='ocrx_word' id='word_1_435' title='bbox 2750 4625 2811 4695; x_wconf 77' lang='lat' dir='ltr'><strong>c&gt;</strong></span> <span class='ocrx_word' id='word_1_436' title='bbox 2851 4594 2998 4699; x_wconf 70' lang='lat' dir='ltr'><strong>ea&#39;p.</strong></span> <span class='ocrx_word' id='word_1_437' title='bbox 3037 4634 3095 4687; x_wconf 73' lang='lat'><strong>⁷.</strong></span> <span class='ocrx_word' id='word_1_438' title='bbox 3995 4622 4063 4694; x_wconf 58' lang='grc' dir='ltr'><strong>ε)</strong></span> <span class='ocrx_word' id='word_1_439' title='bbox 4087 4620 4187 4681; x_wconf 72' lang='lat' dir='ltr'><strong>c·-</strong></span> 
     </span>
    </p>
   </div>
   <div class='ocr_carea' id='block_1_36' title="bbox 4381 4579 4388 5121">
    <p class='ocr_par' dir='ltr' id='par_1_40' title="bbox 4381 4579 4388 5121">
     <span class='ocr_line' id='line_1_81' title="bbox 4381 4579 4388 5121; baseline 0 0"><span class='ocrx_word' id='word_1_440' title='bbox 4381 4579 4388 5121; x_wconf 95' lang='lat' dir='ltr'><strong> </strong></span> 
     </span>
    </p>
   </div>
  </div>
 </body>
</html>
