4475 5584
952 510 1101 575 ·38

1002 673 1504 738 MEMORIAE.
1543 667 1837 737 DIVAE.
1870 663 2414 733 FAVSTINAE..
2427 696 2456 714 -
2472 696 2514 715 --

1000 754 1406 841 RELIGTA.
1442 773 1771 835 MATRE.
1828 768 2497 833 lmFssmclssfflA.

1004 878 1240 964 quibus
1280 873 1628 959 postremis
1685 872 1904 936 verbis
1956 871 2306 946 docemur,
2350 889 2500 954 per-

994 1000 1229 1063 peram
1266 977 1429 1040 illud
1454 999 1491 1038 a
1512 974 1852 1059 Scaligero
1878 972 2224 1036 Faustinae
2253 971 2499 1056 juniori

998 1080 1204 1143 tribui
1237 1080 1329 1159 ⁸),
1405 1097 1552 1139 nam
1609 1076 1772 1139 haec
1837 1097 1983 1140 cum
2040 1088 2298 1137 mortua
2369 1086 2492 1150 est,

997 1194 1274 1245 matrem
1322 1179 1576 1264 pridem
1634 1178 1975 1254 amiserat,
2036 1197 2276 1261 nempe
2328 1176 2494 1245 hanc

997 1286 1201 1369 ipsam
1235 1281 1608 1344 Faustinam
1640 1280 1989 1342 seniorem.
2035 1277 2195 1360 Ejus
2224 1277 2494 1339 nimiam

994 1384 1371 1448 libertatem
1404 1428 1421 1459 ‚
1487 1395 1553 1444 et
1607 1380 1873 1455 vivendi
1915 1379 2296 1444 facilitatem
2343 1398 2495 1464 per-

998 1486 1261 1570 stringit
1295 1483 1699 1568 Capitolinus
1720 1529 1737 1560 ‚
1773 1504 1937 1569 quae
1962 1497 2182 1558 tamen
2213 1482 2370 1545 vitia
2410 1480 2492 1544 ab

995 1586 1328 1651 Antonino
1375 1607 1523 1649 cum
1574 1585 1769 1648 animi
1824 1586 2057 1649 dolore
2115 1604 2491 1668 compressa

993 1690 1170 1753 idem
1219 1701 1561 1751 memorat.
1630 1686 1810 1750 Istud
1855 1701 2149 1763 certam,
2195 1683 2374 1771 quod
2408 1704 2491 1747 ex

996 1793 1212 1856 numis
1276 1792 1584 1853 continuo
1658 1789 2081 1864 docebimur,
2155 1806 2305 1849 enm
2357 1798 2489 1849 tam

991 1895 1182 1955 vivae
1204 1937 1222 1967 ,
1268 1912 1461 1976 quarn
1494 1904 1788 1952 mortuae
1830 1890 2115 1953 honores
2146 1908 2374 1951 omnes
2400 1888 2498 1950 in-

988 1993 1290 2058 dulsisse.

1116 2098 1375 2158 Proles.-
1437 2112 1649 2165 mares
1682 2092 1846 2169 duo,
1894 2093 2011 2156 sed
2052 2114 2331 2178 quorum
2376 2115 2494 2157 no-

988 2198 1164 2263 mina
1199 2195 1464 2259 ,reticet
1525 2190 1954 2278 Capitolinus.
2045 2196 2302 2258 Horum
2379 2196 2490 2257 uni

985 2301 1192 2389 fuisse
1232 2316 1478 2359 nomen
1521 2299 1606 2357 M.
1647 2299 1910 2361 Galerio
1951 2301 2318 2374 Antonino,
2381 2319 2493 2380 pa-

990 2403 1160 2467 tebit
1224 2420 1308 2462 ex
1378 2417 1613 2472 num0,
1690 2418 1885 2481 quem
1937 2398 2108 2462 infra
2173 2398 2490 2463 dabimus.

985 2505 1288 2568 Alterum
1347 2512 1645 2563 vocatum
1699 2502 1784 2561 M.
1817 2504 2153 2564 Aureliam
2192 2504 2489 2565 Fulvium

988 2609 1404 2679 Antoninum,
1436 2599 1678 2683 Pagius
1712 2620 1791 2662 ex
1837 2622 2165 2664 marmore
2197 2603 2369 2668 eruit
2398 2602 2486 2684 ι>).

1111 2709 1384 2772 Aurelia
1415 2704 1707 2778 Fadilla,
1755 2702 1932 2787 quod
1947 2725 2188 2768 nomen
2209 2708 2502 2769 tacenti-'

980 2812 1107 2875 bus
1161 2805 1492 2870 historicis
1539 2824 1621 2865 ex
1648 2805 1912 2890 antiquo
1952 2807 2109 2870 item
2147 2829 2477 2871 marmore

983 2914 1345 2977 hauserunt
1364 2911 1604 2995 Pagius
1638 2910 1719 2992 0),
1766 2907 1935 2971 etde
1951 2910 2136 2971 Boze
2168 2907 2256 2990 d).
2309 2913 2473 2973 Eam

983 3029 1308 3079 mortuam
1342 3013 1551 3076 refert
1585 3011 1990 3095 Capitolinus
2013 3056 2030 3086 ,
2076 3033 2228 3075 cum
2286 3025 2475 3097 pater

982 3117 1067 3180 ad
1112 3114 1644 3201 proconsulatum
1680 3113 1874 3175 Asiae
1919 3111 2477 3197 proficisceretur.

1084 3221 1425 3281 ·Faastina
1456 3212 1682 3276 'nobis
1736 3213 1909 3277 dicta
1941 3220 2213 3295 junior,
2275 3231 2476 3303 nupta

982 3325 1077 3387 Μ.
1121 3319 1432 3396 Aurelio,
1480 3316 1562 3381 de
1597 3337 1723 3402 qua
1753 3315 1904 3381 loco
1934 3336 2077 3381 suo.

1599 3542 1881 3604 Numi.-

988 3731 1063 3793 A.
1267 3726 1727 3807 FAVs'mNA.
1753 3716 2190 3794 AV'GVSTA.
2220 3728 2294 3788 fa
2329 3726 2477 3789 AV.

1274 3842 1341 3893 et
1365 3834 1501 3893 AR.

983 3938 1067 4000 B.
1268 3931 1725 3999 FAVSTINA.
1786 3927 1986 3997 AVG.
2027 3926 2483 3994 ANTONINI.

1106 4088 1113 4095 ,
1271 4032 1471 4099 AVG.
1519 4036 1589 4095 in
1622 4036 1765 4097 Aa.
1810 4033 2010 4110 (Mus.
2049 4033 2289 4112 Caes.)

990 4139 1066 4201 C.
1267 4134 1731 4200 FAVSTINA.
1776 4135 1976 4201 AVG.
2025 4135 2484 4200 ANTONINI.

1274 4238 1476 4304 AVG.
1515 4238 1654 4298 P11.
1682 4239 1759 4299 P.
1797 4238 1869 4299 P.
1931 4241 2003 4299 in
2031 4242 2174 4299 ΛΕ.
2207 4241 2265 4301 Ι.
2311 4241 2400 4300 II.

993 4343 1079 4422 D.
1281 4339 1746 4401 FAVSTINA.
1788 4338 1992 4403 AVG.
2027 4340 2484 4405 ANTONINL

1184 4438 1191 4447 ’
1280 4438 1480 4505 AVG.
1510 4441 1583 4499 P.
1616 4441 1694 4504 P.
1742 4443 1813 4502 in
1841 4443 1986 4503 AV.
2018 4451 2084 4502 et
2112 4445 2252 4504 Aa.

1014 4726 1019 4731 .
1112 4674 1177 4748 a)
1212 4670 1277 4728 in
1317 4667 1516 4730 indice
1547 4670 1718 4730 Grut.
1747 4692 1807 4748 p.
1830 4666 1953 4729 CV.

1002 4765 1133 4825 XV.
1172 4786 1231 4841 p.
1270 4770 1399 4828 470.

2100 4671 2172 4745 b)
2222 4674 2369 4732 Crit.
2402 4674 2614 4731 Baron.
2648 4669 2725 4730 ad
2754 4670 2829 4727 V.
2861 4669 2926 4726 C.
2955 4673 3083 4742 914.

1950 476 2567 556 FAVSTINA
2670 477 3133 559 SENIOR.

3349 667 3388 708 '¹'
3512 710 3550 750 s

3182 709 3222 750 ᾖ

2906 775 2993 835 Vt
3032 774 3129 833 lit.
3168 775 3229 834 C.

2615 869 3211 936 CONCORDIAE.
3237 873 3308 936 S.
3336 873 3408 936 C.
3440 876 3807 937 Antoninus
3847 884 4108 957 toyatns

2612 986 2794 1035 stans
2809 1019 2826 1050 ,
2873 987 2940 1038 et
2972 997 3024 1039 s.
3064 980 3426 1038 icnnculam
3456 980 3876 1056 cornucopiae
3896 989 4108 1040 tenen-

2607 1086 2732 1138 tem
2748 1081 3123 1157 praeferens
3155 1083 3485 1145 dexteram
3500 1081 3735 1158 sanqit
3762 1098 3903 1141 cnm
3937 1082 4106 1143 Fan-

2606 1180 2780 1239 stina
2793 1183 3008 1241 velata
3027 1185 3340 1253 adstante,
3379 1182 3544 1239 inter
3570 1189 3904 1261 utrumqne
3925 1185 4105 1244 simi·

2607 1282 2698 1341 les
2717 1324 2738 1355 ,
2772 1284 3130 1344 atminores
3157 1285 3327 1343 dnae
3348 1284 3600 1361 fiyurae
3626 1284 3932 1343 dexterae
3946 1285 4101 1345 item

2588 1385 2960 1462 junyentes,
3001 1404 3122 1444 ara
3158 1386 3557 1446 intermedia.
3594 1382 3805 1444 AE.1.
3838 1384 4101 1469 (vain.)

2732 1484 3028 1547 Eandem
3093 1503 3385 1548 aversam
3451 1481 3735 1547 vidimus
3783 1485 3851 1547 in
3894 1506 4099 1550 numo
4157 1478 4172 1485 ²

2605 1583 2822 1645 mariti
2867 1582 2950 1648 ad
3001 1608 3239 1650 annum
3299 1582 3382 1656 V.
3434 1586 3504 1650 C.
3552 1584 3716 1670 893,
3761 1584 3935 1652 unde
3986 1606 4105 1673 pe·

2606 1683 2803 1749 tenda
2836 1687 3208 1771 explicatio.

3168 1835 3207 1873 {t
3331 1787 3373 1828 ῃ
3497 1828 3538 1872 ἦ

2901 1894 2985 1952 Vt
3026 1894 3121 1953 lit.
3157 1897 3232 1955 B.

2608 1993 2920 2059 VESTA.
2995 1997 3132 2055 Dea
3190 1998 3415 2057 sedens
3480 1996 3545 2055 d.
3588 1995 3987 2074 Palladium,
4046 2018 4101 2059 s.

2599 2098 2880 2157 hastam.
2923 2096 3061 2157 AR.
3096 2096 3295 2174 (Mus.
3328 2097 3547 2180 Caes.)

2734 2196 3014 2263 Videtur
3046 2216 3281 2259 numus
3315 2200 3422 2263 hic
3477 2222 3630 2264 mox
3671 2214 4098 2287 posteaquam

2604 2295 2953 2381 imperium
3010 2300 3279 2362 maritus
3330 2298 3567 2377 adivit,
3628 2303 3832 2366 fuisse
3888 2305 4101 2388 signa-

2602 2413 2747 2474 tuS,
2809 2399 3112 2483 quoniam
3174 2401 3230 2463 is
3294 2401 3760 2485 imperatorem
3814 2404 4096 2468 necdum

2602 2517 2711 2564 aut
2738 2506 2959 2579 Pium,
3005 2515 3115 2565 aut
3147 2504 3330 2567 P.⁴P.
3361 2505 3670 2590 appellat.

2680 2669 2686 2673 .
3168 2646 3206 2686 s
3333 2605 3370 2644 ⁴⁵
3494 2650 3535 2685 a.

2720 2704 3153 2790 Reliquorum
3199 2694 3554 2769 ⁴munorum
3615 2694 3748 2772 ¹huc
3797 2721 4098 2792 spectan-

2595 2806 2755 2870 tium
2812 2826 3081 2869 aversae
3133 2805 3365 2870 sistunt
3419 2813 3727 2884 Cererem,
3782 2814 4093 2874 Iunonem

2592 2913 2938 2990 Reyinam,
3001 2911 3303 2971 Venerem
3337 2924 3352 2929 ’
3377 2914 3771 2992 damiatam,
3834 2911 4081 2976 aliosve

2594 3024 2785 3097 typos
2818 3011 2887 3072 in
2917 3012 3358 3094 Augustarum
3391 3025 3652 3074 moneta
3690 3012 3941 3076 obvios.

2867 3234 3149 3297 DIVA
3227 3235 3816 3298 FAVSTJNA.

2691 3422 2819 3489 ,De
2867 3420 3175 3483 Faustina
3227 3429 3520 3495 mortua,
3581 3431 3649 3482 et
3705 3434 4090 3484 consecrata

2593 3523 2757 3588 haec
2825 3522 3134 3607 perhibet
3180 3520 3629 3604 Capitolinust·
3682 3526 3869 3586 tertio
3920 3542 4091 3587 anno

2593 3628 2850 3706 imperii
2890 3628 2996 3687 sni
3048 3626 3425 3685 Faustinam
3467 3642 3734 3685 statorem
3776 3627 4083 3704 perdidit,

2591 3748 2759 3812 qnae
2784 3750 2828 3789 a
2853 3735 3080 3789 senatu
3097 3735 3471 3789 consecrata
3484 3733 3582 3785 est
3590 3726 3827 3787 delatis
3848 3727 4092 3788 Circen-

2591 3834 2768 3893 sibus
2786 3840 2978 3913 atque
2994 3830 3243 3907 templo,
3282 3837 3348 3888 et
3361 3827 3759 3901 Flaminicis,
3778 3836 3844 3888 et
3857 3830 4096 3911 statuis

2599 3936 2815 3997 aureis
2834 3977 2851 4008 ‚
2895 3941 3088 4014 atque
3131 3930 3455 4008 arqenteis
3476 3972 3493 4003 ‚
3539 3948 3682 3991 cnm
3724 3932 3922 3990 etiam
3958 3931 4096 4008 ipse

2599 4041 2718 4099 hoc
2743 4032 3142 4105 concesserit,
3191 4039 3266 4091 ut
3296 4033 3515 4110 imaqo
3528 4034 3668 4109 qius
3702 4033 3948 4091 cunctis
3965 4033 4095 4092 Cir-

2601 4141 2893 4201 censibus
2946 4142 3308 4214 poneretur.
3379 4132 3530 4192 Non
3582 4129 3844 4193 aliunde
3883 4114 4093 4216 magis

2603 4238 3012 4300 moderatum
3042 4232 3350 4297 Antonini
3398 4231 3734 4316 ingenium
3771 4250 4091 4296 noxarum

2599 4338 3041 4413 immemoris,
3104 4356 3295 4418 quam
3350 4353 3436 4397 ex
3483 4333 3604 4398 hac
3649 4333 3719 4395 in
3764 4347 4089 4398 mortuam

2600 4438 2952 4525 conjugem
2996 4435 3428 4501 observantia·
3473 4434 3704 4520 patuit.
3771 4438 3937 4499 Nam
3979 4454 4091 4499 cn·

3230 4667 3287 4737 c)
3324 4663 3390 4721 L.
3425 4682 3477 4723 c.
3622 4658 3694 4737 d)
3729 4664 3793 4723 B.
3827 4662 3893 4722 1..
3922 4664 4094 4724 Tom.
