4475 5584
910 401 917 408 ο
999 468 1148 550 266

2134 459 2175 538 Ι
2191 460 2262 538 V
2276 462 2340 536 L
2361 459 2398 534 1
2412 458 2483 534 A
2549 456 2630 533 Μ
2644 454 2712 530 Α
2727 454 2795 529 Ε
2814 454 2863 530 S
2879 453 2972 530 A.

2260 742 2473 807 1²12ss
2492 741 2605 808 1’1
2624 742 2794 808 VM.

1390 929 1731 995 commatis
1758 905 2070 996 Romania

1408 1023 1425 1038 x
1582 1029 1791 1095 Aurei
1933 1064 3017 1098 00000000000
3096 1066 3122 1100 ρ
3200 1065 3226 1097 0
3409 1025 3678 1093 BRRR.

1582 1128 1905 1215 Argentei
2031 1149 2797 1196 ..........
2882 1167 2907 1198 .
3091 1170 3118 1196 .
3191 1168 3225 1193 τ
3411 1127 3527 1196 vix
3555 1128 3642 1195 R.

1581 1231 1793 1296 Aenei
1836 1234 1887 1293 1.
1936 1243 2004 1295 et
2047 1232 2129 1293 11.
2174 1225 2431 1294 formae
2562 1268 3334 1298 00000000
3417 1229 3504 1295 R.

1369 1335 1710 1401 commatis
1726 1335 2062 1417 pereqrim'
2075 1355 2102 1396 .-
2144 1345 2225 1397 ιιι
2250 1331 2564 1397 continuo
2593 1326 2866 1398 dietum,

2148 1646 2480 1712 IVLIA
2546 1645 2946 1711 MAESA.

1116 1847 1419 1910 Domnae
1470 1859 1696 1920 soror,
1742 1840 2147 1908 Soaemiadis
2200 1860 2285 1903 ex
2318 1840 2490 1905 Iulio

984 1945 1184 2011 Avito
1221 1959 1465 2019 mater,
1508 1942 1853 2027 Elagabali
1893 1941 2055 2010 avis.
2129 1947 2488 2028 Postquam

976 2049 1282 2111 Severus
1319 2044 1673 2128 imperium
1703 2044 2071 2120 invaserat,
2118 2064 2201 2107 ex
2233 2044 2489 2126 patriae

988 2149 1276 2212 Emesae
1315 2144 1590 2209 latebris
1624 2144 1874 2208 sororis
1908 2142 2238 2208 beneficio
2275 2145 2345 2205 in
2379 2166 2492 2208 au·

989 2251 1125 2313 lam
1173 2246 1473 2313 traducta
1496 2289 1514 2323 ,
1554 2244 1764 2309 futuri
1808 2266 1946 2308 non
1983 2245 2351 2329 improvida
2383 2244 2490 2308 rei

982 2348 1405 2433 pecuniariae
1453 2366 1723 2431 operam
1771 2345 1993 2424 dedit,
2036 2347 2216 2432 quod
2268 2347 2334 2410 ei
2374 2346 2489 2409 de·

980 2450 1213 2532 inceps
1261 2469 1499 2533 magno
1536 2447 1620 2512 ad
1666 2442 2102 2533 perficienda,
2148 2465 2315 2532 quae
2335 2465 2488 2518 :me-

984 2549 1356 2628 ditabatur,
1399 2545 1777 2631 adjumento
1818 2544 1973 2611 fuit.
2061 2550 2225 2612 Nam
2289 2566 2485 2611 caeso

984 2650 1323 2740 Caracalla
1365 2651 1513 2712 aula
1551 2650 1877 2713 excedere
1914 2648 2128 2731 jussa,
2171 2650 2487 2712 Emesae·

985 2769 1118 2840 que
1159 2771 1314 2815 suae
1362 2751 1705 2830 restituta,
1750 2770 1902 2814 oum
1943 2749 2210 2812 adsueta
2264 2749 2486 2833 splen·

984 2852 1136 2916 dori
1178 2852 1394 2916 aulico
1434 2852 1720 2937 privatas
1768 2851 2078 2914 tenebas
2132 2849 2482 2926 fastidiret,

982 2951 1374 3037 videretque
1422 2952 1639 3020 minus
1686 2952 1957 3034 probari
1995 2951 2313 3015 militibus
2345 2955 2486 3015 Ma-

987 3056 1246 3120 crinum
1269 3099 1285 3131 ,
1333 3052 1536 3116 didita
1568 3052 1744 3116 inter
1775 3054 1897 3116 hos
1906 3050 2131 3132 fama,
2174 3065 2483 3138 tanquam

981 3175 1193 3241 nepos
1249 3153 1648 3238 Elagabalus
1704 3153 2109 3217 Soaemiadis
2179 3173 2339 3216 suae
2399 3172 2485 3217 ex

985 3256 1325 3321 Caracalla
1384 3253 1563 3317 filius
1616 3267 1834 3330 esset,
1891 3274 2008 3318 eos
2070 3273 2204 3317 non
2265 3252 2484 3317 minus

982 3355 1411 3419 Antoniniani
1428 3355 1711 3418 nominis
1740 3355 2239 3440 superstitione,
2287 3375 2482 3439 quam

978 3454 1270 3542 profusis
1298 3456 1761 3539 largitionibus
1796 3456 2093 3537 impulit,
2136 3469 2210 3517 ut
2244 3455 2484 3536 Elaga-

980 3556 1206 3622 balum
1267 3556 1566 3619 Macrino
1639 3553 2054 3632 sufficerent,
2100 3554 2482 3638 effecitque,

980 3670 1061 3719 ut
1112 3656 1406 3736 oblatum
1454 3657 1806 3741 imperium
1859 3656 2068 3719 relata
2108 3653 2353 3737 insigni
2388 3652 2486 3718 vi-

987 3756 1199 3825 ctoria
1264 3754 1664 3836 solidarent,
1722 3779 1918 3844 quam
1977 3758 2117 3842 ipsa
2182 3776 2316 3818 non
2374 3776 2488 3840 pa-

980 3879 1136 3926 rum
1184 3860 1554 3941 promovit,
1596 3858 1856 3947 quando
1897 3857 2305 3942 fugientibus
2348 3857 2482 3941 jam

985 3959 1125 4023 suis
1175 3960 1247 4022 in
1294 3960 1578 4026 mediam
1639 3958 1851 4028 aciem
1898 3978 2045 4024 cum
2088 3955 2484 4045 Soaemiade

985 4059 1343 4146 provolans
1402 4061 1778 4144 exemplum
1828 4059 1897 4120 in
1950 4077 2021 4121 se
2074 4057 2369 4136 virtutis,
2415 4073 2486 4123 et

985 4161 1188 4226 enimi
1247 4161 1562 4246 intrepidi
1609 4162 1793 4224 dedit
1843 4161 1961 4242 ·).·
2010 4157 2120 4223 Ob
2170 4161 2483 4226 collatam

982 4262 1317 4326 illustrem
1381 4263 1553 4328 hanc
1613 4283 1884 4348 operam
1957 4276 2145 4326 aucta
2213 4260 2484 4347 quidem

983 4361 1262 4434 subinde
1316 4362 1682 4431 honoribus
1734 4364 2076 4442 omnibus,
2136 4376 2208 4427 et
2259 4363 2484 4446 Augu·

1062 4696 1126 4769 a)
1165 4694 1280 4755 Dio
1319 4692 1385 4755 L.
1423 4689 1749 4758 Lxxvm.
1787 4695 1837 4767 ς.
1873 4700 1966 4764 38.

2603 1852 2743 1904 stae
2790 1836 2987 1903 titulo
3037 1837 3303 1916 ornata,
3372 1850 3607 1905 verum
3650 1855 3803 1904 eum
3852 1839 4098 1909 mulier

2601 1940 2949 2027 perspicax
2992 1939 3326 2003 funestum
3361 1940 3629 2025 nepotis
3661 1940 3913 2005 exitum
3939 1961 4102 2028 pro·

2599 2056 2755 2127 pter
2810 2039 3224 2105 intractabile
3305 2040 3449 2124 ejus
3510 2040 3884 2127 ingenium,
3937 2044 4103 2109 alte⁴

2601 2162 2877 2227 ramque
2905 2163 3131 2206 rerum
3162 2161 3424 2204 suarum
3459 2142 3961 2218 conversionem
3991 2143 4092 2230 ju-

2567 2264 2681 2309 ·re
2724 2256 3089 2322 metueret,
3145 2241 3271 2306 hac
3323 2241 3465 2328 ipsa
3519 2243 3662 2328 ejus
3715 2246 3961 2309 insania
4021 2243 4099 2309 in

2598 2367 2746 2410 rem
2810 2366 2992 2410 suam
3060 2362 3211 2419 usa,
3284 2346 3642 2428 persuadet
3707 2346 4094 2430 Elagabalo,

2598 2445 3065 2532 nt„quoniam
3095 2444 3239 2529 ipse
3273 2443 3386 2507 dei
3424 2444 3525 2508 sui
3564 2446 3786 2525 cultu,
3829 2445 4097 2513 divinis·

2595 2566 2728 2634 que
2781 2544 3202 2610 caerimoniis
3241 2545 3710 2634 distineretur,
3752 2547 4101 2633 adoptaret

2600 2646 3067 2712 consoBrinum
3115 2646 3606 2740 Alexandrum,
3664 2647 3779 2733 qui
3836 2667 3960 2733 pro
4019 2667 4097 2713 se

2569 2761 2864 2814 ‘terrena
2893 2761 3175 2818 ,curaret
3215 2745 3308 2830 b).
3362 2751 3597 2835 Neque
3652 2761 3797 2812 erat
3822 2749 3910 2812 ad
3956 2771 4110 2826 mu·‚

2596 2850 2784 2914 lieris
2857 2849 3136 2914 salutem
3215 2848 3576 2913 consilium
3639 2850 4095 2935 opportunius,

2597 2953 3023 3038 certiusque3
3067 2970 3216 3016 nam
3251 2969 3402 3016 cum
3429 2963 3606 3017 esset
3633 2950 4000 3016 eommunis
4025 2965 4100 3016 et

2595 3053 2978 3138 Elagabali‚
3051 3067 3121 3119 et
3182 3050 3543 3117 Alexandri
3610 3051 3791 3130 avia,
3871 3072 4098 3138 quam·

2598 3174 2860 3241 cnnque
2923 3154 3166 3221 deinde
3224 3152 3556 3216 fortunam
3599 3151 3715 3216 illa
3761 3152 4097 3237 experire·

2596 3273 2746 3338 tur,
2807 3269 3106 3343 paratum
3163 3252 3394 3318 habuit
3441 3253 3706 3338 imperii
3759 3271 4101 3320 successo-

2594 3379 2781 3437 rem,
2844 3359 3125 3421 alterum
3189 3373 3278 3419 ex
3333 3352 3470 3420 filia
3537 3357 3834 3419 Mamaea
3891 3373 4098 3439 nepo·

2594 3473 2754 3525 tem.
2819 3460 3081 3524 Revera
3134 3456 3245 3521 hic
3278 3474 3516 3519 everso
3549 3468 3829 3541 propter
3878 3455 4100 3521 crimi-

2596 3581 2756 3626 num
2814 3556 3226 3622 atrocitatem
3276 3554 3642 3640 Elagabalo
3701 3575 3929 3621 rerum
3977 3576 4097 3643 po·

2596 3661 2757 3728 titus
2806 3657 2988 3732 omni
3029 3653 3453 3751 observantia
3487 3653 3699 3722 aviam
3725 3670 3840 3726 est
3865 3676 4097 3743 prose-

2600 3777 2831 3837 cutus,
2887 3759 3031 3843 ipsa
3077 3773 3240 3824 vero
3293 3755 3615 3841 participe
3663 3757 4095 3826 consiliorum

2598 3868 2895 3928 Mamaea
2953 3879 3086 3923 non
3149 3858 3431 3923 cessavit
3479 3857 3841 3941 praeclaris
3890 3853 4104 3926 moni·
4145 3855 4164 3866 ’

2599 3966 2685 4028 tis
2730 3962 3030 4025 imbuere
3083 3957 3596 4028 adolescentiam
3662 3961 3963 4045 nepotis,
4028 3973 4101 4027 et

2595 4076 2861 4130 veteres
2895 4076 3115 4124 mores
3137 4079 3262 4143 per
3291 4060 3561 4124 alterius
3582 4060 3917 4125 infamiam
3950 4082 4099 4128 cor-

2596 4175 2828 4246 ruptos
2869 4178 3239 4225 revocare.¹
3309 4160 3962 4248 Denique-mortua,
4020 4174 4097 4228 ut

2599 4272 2977 4347 optaverat,
3023 4261 3411 4349 tranquille,
3474 4275 3542 4325 et
3588 4263 4094 4330 ab-Alexandro

2598 4361 2951 4428 coelitibus
2980 4360 3228 4426 inserta
3254 4375 3357 4426 est
3376 4406 3395 4444 ,
3437 4376 3513 4428 ut
3546 4362 3829 4433 dicetur.

2090 4687 2096 4698 '
2151 4691 2224 4768 b)
2263 4690 2586 4755 Herodian.
2624 4692 2691 4752 in
2727 4692 2895 4773 Elag.
