4475 5584
1067 424 1208 507 136

1068 608 1269 692 igitur
1301 605 1559 686 integra
1600 601 1728 664 hoc
1759 599 1910 661 loco
1936 593 2309 682 Lampridii
2337 609 2559 660 aucto-

1063 710 1246 772 ritas.
1320 704 1644 801 Quoniam
1714 717 1877 785 ergo
1924 699 2322 762 Commodus
2370 702 2558 762 Felix

1068 808 1201 873 dici
1235 807 1466 889 incipit
1501 806 1569 865 in
1600 804 1748 865 trib.
1783 814 2105 886 potestate
2134 800 2212 859 X.
2237 845 2255 875 ,
2303 813 2371 861 et
2405 820 2559 863 con-

1068 913 1284 974 sulatu
1332 909 1482 983 1V.,
1543 924 1708 990 quae
1748 917 1902 965 sunt
1938 916 2131 964 notae
2176 902 2328 965 anni
2367 903 2447 969 V.
2482 902 2555 965 C.

1071 1011 1236 1090 938,
1311 1007 1664 1091 datumque
1738 1005 1911 1066 hunc
1990 1004 2252 1065 titulum
2311 1001 2558 1065 adserit

1068 1109 1488 1194 Lampridius
1555 1105 1898 1169 occasione
1957 1102 2279 1167 Perennis
2359 1104 2556 1179 caesi,

1010 1211 1017 1218 ’
1066 1214 1279 1299 palam
1315 1223 1451 1282 est,
1496 1207 1670 1270 hunc
1707 1207 1935 1269 saltem
1971 1202 2217 1266 fluente
2241 1204 2366 1267 hoc
2389 1223 2557 1265 anno

1073 1314 1354 1377 violenta
1400 1326 1613 1371 morte
1652 1309 1854 1369 fuisse
1907 1308 2337 1381 exstinctum,
2400 1324 2560 1388 qno-

1067 1416 1239 1478 niam
1301 1405 1698 1476 Commodus
1755 1409 1823 1469 in
1881 1409 2094 1470 nnmis
2155 1407 2349 1488 hujus
2407 1403 2559 1467 anui

1073 1519 1258 1579 Felix
1289 1513 1416 1597 jam
1450 1510 1648 1573 audit.
1722 1509 1943 1603 Quare
1994 1529 2257 1571 rursum
2306 1506 2558 1568 fallitur

1073 1613 1572 1686 Tillemontius,
1636 1611 1749 1695 qui
1780 1610 2037 1674 tristem
2081 1606 2402 1671 Perennis
2456 1626 2559 1670 ca·

1072 1741 1216 1784 sum
1276 1720 1344 1779 in
1414 1736 1651 1779 annum
1706 1727 2091 1797 sequentem
2138 1709 2263 1791 939
2313 1707 2556 1772 differt.

1070 1813 1598 1910 Pagius‘dictum
1648 1834 1794 1876 esse
1856 1816 2129 1875 Felicem
2168 1813 2315 1895 ipso
2360 1810 2564 1891 impe·

1072 1923 1155 1984 rii
1209 1933 1360 2005 post
1418 1915 1622 2007 patris
1684 1927 1964 1976 mortem
2031 1911 2320 1994 suscepti
2373 1910 2560 1972 initio

1074 2043 1159 2087 ex
1214 2021 1431 2084 numia
1476 2015 1723 2080 adsetit
1754 2016 1846 2094 ⁸),
1908 2012 2028 2076 sed
2083 2028 2149 2075 et
2185 2013 2291 2075 hic
2326 2032 2408 2074 ex
2444 2033 2563 2073 nu·

1068 2124 1235 2201 mis,
1280 2139 1444 2206 quos
1474 2116 1764 2201 vulgavit
1797 2113 2287 2176 Mediobarbus.

1201 2218 1793 2288 GERMANICVS.
1853 2217 1981 2278 Hic
2015 2214 2225 2280 honos
2266 2219 2566 2280 Commo-

1077 2325 1163 2390 do
1192 2347 1277 2391 ex
1312 2322 1549 2407 elogiis
1578 2317 1838 2380 bellicis
1875 2319 2164 2381 omniurn
2182 2318 2564 2382 maturrime

1076 2427 1369 2501 delatus,
1433 2436 1502 2486 et
1552 2420 1817 2505 quidem
1873 2441 2022 2483 cum
2060 2421 2301 2483 Caesar
2352 2401 2602 2483 adbuc'

1077 2542 1287 2604 esset,
1347 2539 1412 2589 et
1461 2545 1544 2587 ex
1595 2521 1848 2584 meritis
1898 2521 2132 2604 patris,
2178 2535 2251 2585 ut
2283 2522 2565 2584 vidimus

1076 2628 1161 2692 ad
1207 2647 1445 2691 annum
1502 2625 1577 2690 V.
1614 2625 1687 2685 C.
1736 2622 1881 2702 928.
1966 2624 2141 2686 Huic
2200 2622 2563 2692 secundum

1076 2728 1573 2811 inscriptionem
1597 2725 1973 2799 literarum,
2019 2744 2209 2808 quam
2239 2744 2322 2789 ex
2349 2725 2564 2787 Dione

937 2856 961 2880 π
1076 2852 1274 2915 supra
1300 2827 1634 2902 dedimus,
1697 2825 1957 2890 additur
1992 2811 2397 2895 MAXIMVS
2419 2872 2436 2903 ,
2465 2900 2476 2906 q
2502 2840 2596 2904 et,

1077 2931 1453 3016 conspirant
1484 2928 1549 2989 in
1588 2928 1713 2990 hoc
1760 2923 2054 3009 epitheto
2099 2926 2365 3010 copiosa
2400 2948 2569 2989 mar·

1076 3055 1293 3111 mora,
1337 3043 1402 3094 at
1431 3030 1499 3091 in
1542 3027 1755 3116 numia
1800 3027 1969 3092 illud
2015 3048 2347 3114 uunquam
2391 3048 2568 3092 com·

1078 3148 1787 3299 Par‘gthMATICVS.
1864 3229 2242 3294 Germanici
2301 3230 2566 3295 titulum

1080 3336 1307 3420 paullo
1350 3349 1499 3419 post
1543 3347 1840 3409 secutus,
1896 3345 1969 3418 πῃ
2009 3331 2432 3416 probavimus
2489 3333 2573 3395 ad

972 3443 979 3450 ’
1080 3458 1317 3501 aunum
1353 3436 1434 3503 V.
1468 3436 1541 3498 C.
1579 3434 1726 3518 928.
1771 3437 2065 3517 Vterque
2109 3432 2254 3495 fere
2298 3434 2570 3498 inscribi

1080 3538 1295 3601 numis
1332 3536 1527 3600 desiit
1556 3556 1725 3600 anno
1755 3539 1836 3604 V.
1875 3534 1946 3598 C.
1985 3535 2101 3617 93¹
2131 3578 2150 3614 ,
2196 3546 2263 3598 at
2295 3555 2575 3598 marmo-

1084 3640 1266 3703 ribus
1309 3638 1592 3701 inhaesit
1636 3651 2032 3701 constanter.

1207 3740 1818 3807 BRITANNICVS.
1866 3732 2066 3802 Teste
2098 3738 2479 3823 Lampridio
2507 3736 2575 3821 b)

1082 3844 1445 3929 appellatus
1500 3855 1600 3904 est
1638 3845 2049 3904 Britannicus
2091 3845 2174 3903 ab
2218 3845 2574 3906 adulatori-

1072 3951 1198 4009 bus
1216 3990 1236 4021 ,
1306 3964 1450 4007 cum
1515 3946 1823 4005 Britanni
1873 3946 2070 4007 etiam
2126 3947 2571 4025 imperatorem

1079 4058 1304 4111 contra
1336 4065 1479 4109 eum
1508 4047 1747 4124 oliyere
1764 4047 2097 4109 voluerim.
2150 4044 2338 4141 Quae
2366 4045 2573 4108 fuerit

2250 380 2984 488 commonvs-

2673 607 2836 680 944,
2882 598 2999 663 sed
3043 600 3174 664 hoc
3212 597 3477 661 labente
3522 618 3648 659 una
3692 618 3840 661 cum
3881 597 4136 662 nomini-

2672 699 2794 763 bus
2853 706 3062 765 Marci
3121 715 3187 764 et
3230 701 3549 762 Antonini
3604 720 3686 762 ex
3745 714 3998 764 moneta
4038 721 4139 765 ex·

2672 804 2872 865 torris
2933 817 3034 866 est
3077 801 3288 867 sactus
3334 800 3700 864 ferentibus
3745 815 3956 867 tamen
3999 825 4139 867 eum

2674 903 3131 966 marmoribus.

2799 1005 3252 1080 INVICTVS,
3336 1003 3516 1089 quod
3576 1002 3702 1067 sibi
3755 1024 3986 1068 nomen
4027 1025 4142 1091 per

2672 1106 3112 1188 arrogantiam
3189 1106 3459 1192 indidit,
3549 1125 3767 1190 neque
3835 1104 4004 1166 istud
4059 1107 4147 1167 iu-

2673 1204 2859 1282 vide‚
2919 1229 3065 1270 nam
3131 1222 3198 1271 et
3256 1207 3692 1271 Februarium
3749 1224 4032 1268 mensem
4084 1208 4148 1268 in

2659 1307 2954 1370 *nominis
2996 1308 3190 1391 hujus
3226 1309 3755 1373 communionem
3798 1308 4020 1370 venire
4056 1320 4148 1369 est

2672 1429 2936 1490 passus,
2983 1423 3053 1471 ut
3098 1410 3162 1469 in
3209 1409 3351 1491 ejus
3393 1409 3525 1474 vita
3568 1408 3649 1470 ad
3693 1431 3929 1471 annum
3971 1412 4046 1475 V.
4079 1399 4156 1472 C.

2674 1515 2796 1588 945
2821 1506 3121 1571 diximus.
3171 1513 3419 1572 Tamen
3440 1510 3506 1571 in
3522 1513 3737 1574 numis
3752 1509 4146 1593 nonlegitur.

2800 1611 3270 1677 HERCVLES
3293 1610 3743 1678 ROMANVS.
3782 1611 4053 1673 Abunde
4074 1611 4151 1672 de

2673 1708 2803 1771 hoc
2887 1711 3078 1773 titulo
3164 1712 3275 1794 egi
3348 1712 3430 1774 ad
3503 1734 3706 1775 annos
3767 1714 3848 1782 V.
3886 1715 3954 1777 C.
4011 1721 4145 1796 944·

2674 1815 2819 1894 945.
3707 1841 3717 1850 ·

2803 1913 3119 1975 PATER.
3166 1915 3571 1977 PATRIAE.
3620 1914 4047 1978 Commodum
4078 1913 4153 1978 ad

2674 2034 2914 2075 annum
2958 2016 3040 2079 V.
3079 2015 3149 2076 C.
3182 2011 3305 2096 930
3352 2015 3549 2078 simul
3596 2019 3961 2102 Augustum
4006 2015 4160 2079 vidi⁴

2676 2135 2859 2190 mus,
2906 2114 3099 2175 simul
3141 2120 3398 2196 Patrem
3440 2121 3741 2202 Patriae,
3802 2134 3869 2182 et
3903 2117 4155 2204 quidem

2676 2213 3084 2289 imberbem,
3144 2238 3381 2279 annum
3423 2239 3661 2308 nempe
3695 2221 3926 2283 aetatis
3964 2219 4155 2285 xvu.

2679 2330 3023 2401 agentem,
3070 2318 3471 2401 sempiterno
3516 2321 3718 2405 patris
3757 2321 4015 2385 Aurelii
4054 2341 4162 2403 op·

2678 2417 2989 2499 probrio,
3052 2419 3165 2502 qui
3212 2419 3510 2497 titulum,
3569 2444 3768 2507 quem
3831 2422 3955 2485 sibi
4009 2441 4162 2482 non·

2680 2519 2805 2580 nisi
2866 2517 3179 2582 extremis
3242 2520 3502 2605 imperii
3563 2525 3665 2588 sui
3727 2525 3914 2587 annis
3971 2521 4164 2608 appli-

2682 2621 2853 2696 cuit,
2908 2642 3058 2683 cum
3119 2619 3258 2683 filio
3313 2643 3560 2707 puero,
3623 2626 3822 2690 dulce
3870 2629 3996 2690 hoc
4037 2623 4168 2687 elo·

2682 2722 2860 2804 gium
2904 2743 3029 2806 per
3071 2722 3398 2807 cognitam
3441 2725 3568 2808 jam
3625 2740 3766 2789 tum
3835 2727 4032 2791 animi
4076 2726 4165 2789 fe-

2683 2823 2926 2886 rociam
2963 2824 3230 2886 minime
3250 2827 3613 2909 promerito
3648 2828 4166 2891 communicavit.

2808 2923 3242 2988 AMAZONH
3305 2942 3371 2988 et
3426 2928 4161 2993 EXSVPERATORIS

2686 3045 2838 3088 eum
2892 3046 3154 3110 quoque
3217 3027 3521 3093 habuisse
3587 3032 3894 3108 no‘mina,
3971 3030 4170 3093 refert

2681 3133 2812 3194 Dio
2845 3134 2904 3212 e)
2923 3176 2939 3207 ,
2987 3130 3236 3195 scilicet
3258 3130 3425 3192 illud
3447 3133 3722 3215 petitum
3742 3132 3825 3194 ab
3848 3137 4170 3196 Amazone

2683 3232 2952 3318 Marcia,
2999 3233 3126 3296 hoc
3146 3276 3163 3308 ,
3210 3232 3389 3316 quod
3408 3253 3635 3296 omnes
3654 3234 3960 3296 homines
3980 3232 4171 3315 longe

2685 3347 3066 3416 superaret,
3132 3332 3475 3418 additque,
3527 3334 3614 3397 iis
3681 3333 3853 3399 adeo
3898 3335 4172 3397 delecta-

2684 3445 2827 3494 tum
2858 3430 3328 3510 Commodum,
3374 3450 3481 3512 ut,
3529 3436 3652 3497 etsi
3694 3438 3824 3500 alia
3871 3438 4029 3500 alias
4080 3452 4173 3495 se-

2687 3549 3004 3618 poneret,
3067 3534 3167 3598 his
3210 3557 3539 3621 nunquam
3596 3537 3984 3604 abstineret.
4056 3539 4175 3599 Te-

2691 3649 2897 3699 statur
2950 3636 3368 3720 Lampridius
3400 3637 3501 3719 d),
3561 3640 3793 3703 eadem
3838 3640 3981 3724 ipsa
4024 3657 4175 3723 quo-

2691 3755 2821 3820 que
2866 3735 3124 3820 legi-in
3169 3739 3596 3824 inscriptione
3635 3741 3923 3818 colossi,
3986 3759 4174 3826 quem

2695 3836 2912 3900 ablato
2958 3839 3170 3921 capite
3218 3842 3393 3903 Solis
3438 3848 3636 3925 (non,
3685 3859 3756 3909 ut
3802 3846 3931 3919 ait,
3977 3847 4174 3906 Nero·

2684 3939 2819 4020 nis)
2880 3939 3004 4001 sibi
3061 3941 3616 4022 adcommodavit,
3693 3967 3931 4009 verum
3992 3945 4176 4008 aliter

2686 4039 2851 4104 haec
2901 4041 3165 4103 nomina
3211 4045 3552 4120 enunciat,
3595 4048 3761 4111 illud
3808 4067 4050 4111 vocans
4091 4045 4177 4125 ef·

1084 4147 1224 4230 ejus
1276 4143 1664 4226 conferendi
1708 4166 1940 4222 causa,
2003 4146 2139 4208 dixi
2184 4146 2274 4209 ad
2321 4168 2562 4210 annum
2673 4144 3096 4221 seminatum,
3157 4162 3396 4229 nempe
3464 4149 3545 4211 ab
3602 4151 3978 4227 Amazone,
4054 4148 4176 4208 hoc

1084 4249 1166 4310 V.
1196 4251 1270 4312 C.
1301 4247 1425 4331 937
1448 4293 1466 4320 .
1512 4248 1579 4308 in
1615 4247 1802 4330 cujus
1833 4249 2046 4310 nnmis
2076 4262 2298 4312 certae
2327 4245 2484 4311 fidei
2512 4248 2569 4308 is
2678 4246 3210 4333 qladiatqrjiuQ,
3264 4248 3413 4333 quia
3487 4270 3805 4335 superare
3851 4250 4016 4314 alios
4047 4267 4175 4311 om-

1062 4431 1069 4440 ι
1083 4351 1391 4436 primum,
1439 4348 1615 4434 quod
1652 4350 1812 4411 mihi
1846 4363 2126 4426 constet,
2161 4349 2570 4413 observatur.

1088 4454 1441 4536 Comparet
1482 4450 1540 4530 is
1580 4448 1793 4514 adbuc
1822 4450 1891 4511 in
1933 4451 2151 4514 numia
2181 4449 2332 4514 anni
2377 4452 2458 4519 V.
2497 4449 2569 4513 C.

1203 4666 1264 4734 a)
1304 4660 1448 4719 Crit.
1486 4662 1700 4718 Barou.
1731 4659 1983 4723 tad-ann.
2023 4661 2165 4719 Chr.
2208 4672 2342 4727 ωτι·

2499 4662 2568 4734 b)
2611 4662 2758 4738 Cap.
2798 4671 2851 4724 8.

2685 4367 2802 4411 nes
2848 4347 3283 4433 gladiatorum
3330 4338 3449 4413 est'.

2817 4450 3267 4522 OLYMPIVS
3331 4450 3579 4515 dicitur
3635 4452 3700 4514 in
3741 4451 3927 4516 binis
3969 4446 4178 4515 numis

2999 4664 3060 4736 c)
3101 4663 3165 4721 L.
3201 4651 3439 4724 LXXlI.
3481 4669 3532 4739 ᾗ.
3568 4676 3656 4743 150
3805 4665 3878 4742 d)
3919 4668 4067 4744 Cap.
4110 4677 4181 4723 17.
