4475 5584
1308 436 1761 518 Dlnlvs
1856 437 2468 517 IVLIANVS.
2567 469 2582 482 ·
2929 492 2936 498 ·
3306 466 3451 573 Περ,

635 621 869 692 IVLIA
878 626 959 687 N.
1003 617 1203 690 AVG.
1253 628 1455 707 Caput
1492 628 1852 688 tammum

640 729 717 791 tu
754 732 903 790 ΑΕ.
945 730 1008 790 I.

773 849 781 856 .
842 859 879 900 ⁸
922 871 969 909 ᾗ
1092 827 1133 867 ῃ

349 929 1141 999 CONCORD.M1L1T.
1188 931 1423 992 Mulier
1473 942 1655 996 stans
1708 951 1851 993 oum

351 1039 529 1100 binis
548 1035 757 1115 siquis
775 1034 1186 1096 militaribus.
1228 1033 1367 1099 AV.
1385 1032 1680 1095 ARAE.
1698 1033 1746 1093 1.
1770 1033 1849 1092 11.

354 1138 569 1219 (Mus.
613 1131 833 1213 Caes.)

348 1241 429 1304 P.
476 1241 570 1300 M.
619 1238 760 1297 ΤΒ.
805 1236 877 1294 Ρ.
925 1232 1116 1296 008.
1163 1238 1397 1298 Mulier
1426 1245 1608 1296 stans
1640 1238 1707 1296 d.
1736 1256 1853 1313 qu-

351 1339 771 1404 ben-naculum
789 1380 806 1411 ‚
837 1359 887 1400 s.
915 1323 1355 1416 cornucopiam
1384 1339 1521 1405 AV.
1541 1336 1681 1399 AR.
1712 1336 1851 1397 ΔΕ.

350 1444 407 1508 1.
452 1442 538 1501 11.
585 1441 789 1518 (Mus.
821 1438 1038 1513 Caes.)

350 1541 750 1608 RECTOR.
806 1540 1097 1603 ORBIS.
1198 1543 1553 1619 Imperator
1602 1540 1851 1602 velatus

350 1657 542 1708 stans
563 1688 580 1720 ,
623 1646 728 1718 (in
758 1646 976 1704 aeneis
1006 1647 1260 1718 sedens)
1301 1647 1362 1704 d.
1390 1644 1669 1724 qlobum.
1713 1641 1853 1707 AV.

350 1750 500 1811 AB.
533 1746 673 1809 ΑΕ.
713 1746 762 1804 1.
811 1746 1014 1821 (Mus.
1048 1744 1267 1824 Caes.)

485 1850 631 1909 Hos
669 1845 847 1906 solos
880 1843 1110 1905 iuliani
1141 1844 1386 1927 probae
1417 1842 1575 1905 fidei
1618 1863 1854 1905 numos

352 1948 538 2014 novi.
585 1947 845 2021 Alium,
921 1946 1039 2008 sed
1087 1945 1199 2030 qui
1252 1946 1468 2008 media
1515 1945 1616 2006 sui
1665 1958 1853 2028 parte

358 2050 447 2114 ad
488 2049 867 2113 Scantillam
901 2047 1218 2132 pertinet,
1265 2048 1331 2108 in
1369 2047 1559 2131 hujus
1593 2059 1854 2107 moneta

354 2150 681 2215 recitabo.
783 2151 890 2211 Ex
948 2150 1129 2210 omni
1192 2148 1334 2230 ejus
1388 2161 1653 2211 moneta
1728 2148 1858 2209 soli

355 2252 547 2316 numi
582 2251 901 2335 postremi
943 2270 1066 2336 per
1120 2249 1614 2334 inscriptionem
1654 2250 1858 2311 REC-

356 2355 573 2419 TOR.
619 2351 881 2416 ORBIS
919 2353 1421 2428 memorabiles,
1469 2370 1634 2435 quae
1682 2370 1856 2414 nunc

359 2457 653 2541 primum
696 2455 1019 2531 occurrit,
1082 2477 1118 2517 a
1168 2453 1394 2539 paucis
1441 2452 1717 2514 subinde
1755 2472 1859 2515 re·

356 2571 618 2621 vocata.
681 2559 826 2640 Ipsa
869 2576 992 2639 pcr
1034 2577 1103 2619 se
1152 2571 1346 2643 captu
1389 2556 1603 2641 facilis
1654 2555 1863 2640 expli-

359 2659 620 2721 catione
646 2679 780 2719 non
810 2671 986 2742 eget.

626 2883 828 2943 Numi
866 2883 1200 2954 commatis
1229 2883 1580 2962 pereqrim‘.
1606 2908 1613 2915 ·

489 3064 567 3127 ld
602 3087 810 3149 genus
851 3066 1036 3128 numi
1074 3065 1309 3129 adhuc*
1334 3087 1468 3130 non
1500 3062 1852 3143 observati,

358 3168 490 3230 nisi
509 3167 687 3251 quod
708 3188 920 3253 nuper
944 3190 1110 3230 unus
1131 3168 1450 3230 Sestinius
1472 3188 1698 3230 eorum
1721 3181 1858 3230 tres

360 3270 691 3353 vulgavit,
771 3289 974 3360 unum
1024 3269 1320 3333 coloniae
1369 3270 1696 3354 Apameae
1745 3269 1857 3331 Bi-

358 3372 628 3453 thyniae
663 3372 756 3450 ⁸),
852 3370 1350 3455 Aphrodisiadis
1423 3372 1686 3450 Cariae,
1788 3386 1856 3435 et

356 3474 877 3537 Alexandrinum
908 3471 997 3553 ¹⁵).
1089 3474 1224 3537 Sed
1270 3477 1509 3540 horum
1564 3475 1854 3539 omnium

360 3590 731 3659 suspectam
783 3574 981 3640 fidem
1026 3591 1205 3661 puto.
1263 3575 1469 3655 Vide,
1515 3598 1682 3663 quae
1721 3576 1856 3639 dixi

359 3682 431 3739 iu
454 3661 669 3743 nmis
687 3678 1147 3744 Alexandrinis
1170 3678 1456 3741 Achillei
1482 3677 1740 3761 tyranni
1771 3677 1852 3759 c).

702 3896 1080 3979 Nomina,
1134 3917 1229 3976 ac
1278 3895 1510 3966 tituli.

737 4101 1013 4170 Severus
1030 4143 1049 4178 ,
1097 4098 1484 4162 Commodus.
1528 4137 1535 4148 .

490 4284 718 4347 Severi
734 4302 975 4346 nomen
996 4283 1282 4367 suscepit
1303 4282 1385 4346 ab
1408 4302 1552 4360 avo,
1586 4294 1655 4345 et
1670 4299 1858 4365 proa-

366 4400 488 4459 vo,
557 4397 630 4448 ut
684 4385 775 4448 ait
824 4384 1201 4470 Spartianus
1231 4382 1319 4469 d).
1404 4384 1538 4469 Sed
1599 4404 1720 4448 cur
1779 4383 1858 4458 is,

405 4590 409 4593 ’
444 4617 509 4688 a)
544 4618 773 4676 Lenem
810 4619 976 4676 Tem.
1008 4620 1108 4677 111.
1148 4640 1209 4697 p.
1245 4630 1333 4683 ιε..

378 4707 436 4775 e)
474 4707 586 4766 nio
613 4707 678 4765 L.
710 4707 975 4768 LXXIII.
1016 4715 1048 4783 ἦ
1083 4722 1172 4773 12.
1212 4707 1535 4770 Herodian.

1497 4615 1568 4693 b)
1606 4617 1835 4678 Lette're
1871 4618 2039 4675 Tem.
2066 4616 2171 4676 lv.

1963 623 2141 707 quod
2192 647 2352 709 prae
2397 625 2700 704 ‚manibus
2757 624 2991 707 habet,
3063 649 3145 694 ex
3189 647 3451 700 remoto

1962 724 2163 807 petit,
2224 747 2372 788 cum
2422 724 2653 789 eo‘dcm
2696 742 2866 824 teste
2927 743 2994 792 et
3027 747 3215 816 pater
3251 715 3452 803 Seve-

1961 846 2076 886 rus
2113 825 2328 889 dictus
2363 828 2493 891 sit?
2552 826 2754 894 Addit
2787 830 3022 894 eodem
3049 835 3239 902 loco·
3300 860 3452 904 cum

1964 929 2219 989 consul
2210 929 2602 1015 designatus
2622 935 2886 996 Didium
2903 938 3230 1002 Iulianum
3261 943 3476 1020 impe-¹

1964 1042 2239 1093 rator-em
2257 1031 2324 1093 in
2339 1032 2518 1096 curia
2537 1033 3014 1115 proclamaret,
3047 1059 3120 1101 su
3127 1043 3453 1126 ggessissc.

1966 1130 2322 1196 Iulianum·
2368 1139 2966 1213 addeetSeverum‚
3014 1142 3192 1222 quod
3217 1145 3453 1207 ominis

1917 1289 1923 1295 .
1966 1231 2171 1295 instar
2209 1235 2502 1296 habitum
2535 1234 2679 1297 fuit.
2724 1239 2980 1299 Nomen
3019 1240 3190 1304 istud
3250 1246 3458 1307 omni·

1963 1333 2091 1396 bus
2116 1337 2337 1397 aeneis
2368 1338 2416 1399 1.
2453 1336 2709 1399 formae
2739 1338 3122 1423 inscriptum
3141 1345 3410 1428 legitur.

2088 1440 2408 1500 Commodi
2423 1458 2662 1501 nomen
2681 1441 2930 1503 Iuliano
2947 1443 3245 1508 indidere
3269 1467 3457 1530 prae·

1962 1537 2205 1599 toriani
2246 1558 2328 1599 ex
2360 1537 2600 1601 affectu
2637 1540 2701 1599 in
2745 1541 3113 1628 principem
3145 1547 3271 1608 sibi
3319 1569 3455 1612 mo-

1966 1637 2150 1700 ribus
2183 1638 2588 1701 simillimum
2620 1638 2703 1719 ιΞ).
2760 1641 2923 1725 Ejus
2970 1648 3303 1711 mentione
3346 1648 3453 1712 ab-

1966 1739 2212 1801 stinent
2258 1741 2441 1802 numi
2480 1764 2517 1804 a
2558 1733 2741 1806 viris'
2770 1744 3263 1833 circumspectis
3316 1751 3458 1813 vul-

1970 1842 2123 1923 gati.
2184 1844 2258 1903 In
2292 1841 2528 1905 horum
2557 1862 2835 1907 numero
2869 1847 2924 1908 si
2955 1849 3454 1926 Mediobarbum

1966 1942 2224 2027 putabis
2238 1987 2257 2018 ‚
2297 1942 2619 2008 Iulianum
2653 1965 2739 2010 ex
2754 1950 2967 2013 numis
2984 1971 3243 2038 quoque
3264 1953 3458 2015 Com-

1970 2044 2237 2124 modum
2265 2044 2562 2112 babebis.

2595 2272 2819 2336 Pius.

2103 2445 2340 2520 G‘rcess
2350 2472 2418 2524 ης
2434 2450 2710 2517 dicitur
2691 2477 2757 2516 ιιι
2778 2476 2976 2519 numo
2994 2458 3456 2539 Alexandrino,

1975 2569 2171 2636 quem
2188 2553 2481 2635 vulgavit
2495 2556 2852 2633 Sestinius,
2887 2559 3006 2622 sed
3037 2559 3120 2624 de
3153 2584 3282 2648 quo
3308 2565 3458 2629 vide

1975 2675 2192 2716 meum
2226 2652 2592 2734 judicium
2573 2680 2640 2718 m
2676 2657 2800 2722 hac
2835 2655 3184 2725 numerum
3225 2665 3456 2732 classe.

1975 2758 2080 2818 De
2122 2776 2322 2817 numo
2365 2757 2862 2839 Aphrodisiadis
2898 2784 3047 2826 cum
3092 2763 3331 2828 eodem
3382 2768 3465 2831 ti·

1967 2857 2110 2920 tulo
2126 2857 2352 2942 paullo
2388 2878 2584 2943 supra
2615 2860 2890 2946 egimus.

2557 3071 2879 3146 Consub

2096 3261 2385 3325 Iulianus
2444 3263 2514 3325 in
2571 3267 2786 3329 numis
2853 3269 3154 3336 omnibus
3209 3251 3490 3360 probae·

1966 3361 2124 3426 fidei
2159 3362 2350 3428 COS.
2389 3366 2779 3451 simpliciter
2833 3369 3245 3452 inscribitur3
3307 3401 3460 3442 nam

1968 3465 2387 3530 Mediobardi
2420 3489 2689 3532 numum
2728 3473 3114 3559 inscriptum
3152 3479 3341 3543 COS.
3379 3483 3458 3542 11.

1969 3568 2443 3654 negligendum
2496 3572 2822 3637 existimo.
2843 3627 2851 3660 ⁸,
2871 3579 3120 3642 Tamen
3157 3599 3240 3642 ex
3272 3583 3465 3667 Spar·
3524 3644 3532 3654 ,

1970 3671 2127 3733 tiani
2187 3672 2615 3751 testimoniis,
2689 3695 2857 3759 quae
2916 3677 2984 3739 in
3034 3682 3323 3759 Iuliano,
3398 3698 3467 3748 et

1973 3773 2224 3836 Severo
2262 3773 2502 3851 refert,
2549 3773 2837 3838 lulianus
2874 3791 3010 3855 ter,
3070 3797 3179 3844 aut
3230 3785 3461 3846 saltem

1969 3872 2072 3936 bis
2119 3874 2444 3958 processit
2488 3878 2739 3939 consul.
2803 3878 3309 3962 Tillemontius,
3352 3885 3467 3971 qui

1975 3975 2243 4038 dubium
2262 3975 2473 4049 istud,
2520 3977 2638 4039 sed
2663 3979 2989 4043 incassum
3022 3985 3335 4067 expedire
3356 4008 3466 4051 co-

1970 4090 2200 4151 natur,
2279 4076 2578 4140 incusare
2642 4080 2771 4142 hoc
2825 4079 2978 4145 loco
3036 4098 3110 4146 ut
3171 4101 3240 4149 et
3304 4090 3462 4152 alias

1973 4195 2209 4260 saepe,
2271 4177 2667 4262 scriptorum
2723 4182 3129 4270 oscitantiam
3181 4190 3462 4274 cogitur,

1974 4299 2255 4364 quorum
2304 4279 2567 4343 residua
2609 4302 2812 4366 opera
2862 4283 3202 4351 historiam
3236 4294 3460 4376 Angu-

1976 4393 2140 4445 stam
2166 4396 2571 4467 componuut
2611 4385 2686 4465 f).

2335 4621 2398 4694 e)
2435 4617 2571 4682 vol.
2601 4619 2705 4683 lv.
2745 4641 2805 4700 p.
2834 4624 2929 4695 96.
3104 4624 3180 4703 d)
3218 4627 3366 4707 Gap.
3403 4641 3455 4694 7.

1722 4710 1775 4784 ί)
1815 4706 1966 4767 Nota
2000 4708 2044 4766 1.
2086 4706 2164 4766 ad
2197 4708 2493 4767 Severum.
