4475 5584
1017 501 1161 582 276

1006 683 1086 747 P.
1130 683 1224 745 Μ.
1270 641 1417 744 ΤΒ)
1451 673 1702 740 P.x11.
1752 669 1944 739 cos.
1974 673 2099 737 ιιι.
2144 673 2223 737 Ρ.
2254 673 2334 736 P.
2375 676 2504 737 tm-

998 792 1260 866 perator
1293 782 1651 861 patriciatus
1693 779 1757 840 d.
1801 778 2086 852 hastam,
2132 794 2185 838 s.
2224 795 2503 852 parazo-

1003 888 1184 949 nium
1218 892 1352 952 stat
1380 884 1546 943 inter
1567 882 1727 941 duos
1738 879 1974 956 fluvios
1989 879 2169 939 humi
2176 882 2498 957 jacentes,

1003 996 1069 1050 et
1099 986 1182 1047 ab
1213 987 1552 1046 accedente
1599 987 1768 1042 retro
1806 980 2098 1042 Victoria
2133 990 2494 1044 coronatur.

1003 1087 1141 1152 ΑΕ.
1172 1105 1339 1148 max.
1378 1081 1552 1146 mod.
1590 1081 1790 1163 (Mus.
1823 1103 1970 1168 reg.
2004 1079 2215 1163 Gall.)
2406 1087 2413 1096 “

1284 1190 1580 1249 Adversa
1613 1189 1878 1248 incerta.
2224 1176 2252 1188 ³

1001 1289 1077 1352 P.
1134 1291 1227 1353 M.
1279 1289 1418 1350 ΤΒ.
1457 1285 1729 1348 P.x11.
1775 1283 2333 1352 cOS.111.P..P
2375 1286 2507 1349 Im-

993 1401 1258 1471 perator
1270 1391 1636 1472 paludatus
1678 1392 1750 1451 in
1784 1394 2123 1520 quadri-qis
2155 1391 2499 1469 manemus

1000 1493 1195 1556 libus.
1239 1492 1378 1558 AV.
1417 1490 1675 1574 (vain.)

1122 1594 1421 1675 Vterque
1464 1611 1702 1653 numus
1735 1591 1847 1654 hic
1888 1581 2259 1678 descriptus
2295 1588 2499 1652 decus

995 1711 1081 1757 ex
1112 1694 1295 1756 bello
1330 1692 1600 1755 Persico
1632 1707 1893 1775 partum
1937 1693 2156 1757 offert.
2203 1689 2496 1754 Alterius

996 1796 1204 1870 numi,
1238 1794 1420 1856 aurei
1441 1792 1791 1867 videlicet,
1822 1792 1954 1874 jam
1991 1815 2160 1856 auno
2174 1793 2262 1860 V.
2282 1791 2496 1872 (3.984

996 1896 1305 1971 memini,
1351 1915 1480 1978 quo
1510 1897 1662 1956 loco
1693 1885 1783 1956 'de
1819 1893 2008 1956 initio
2042 1893 2205 1956 belli
2239 1891 2496 1956 Persici

995 1994 1344 2079 disputavi.
1422 1993 1797 2057 Exhibetur
1832 1993 1900 2055 in
1930 1993 2063 2058 hoc
2098 1993 2491 2077 triumphus,

850 2155 863 2166 ,
995 2115 1191 2182 quem
1213 2096 1296 2159 de
1314 2097 1538 2158 Persis
1564 2094 1751 2159 victis
1773 2093 2492 2179 egisse—Alexandrum,

990 2207 1271 2262 testatur
1287 2196 1722 2282 Lampridius
1754 2194 1835 2277 ⁸).
1880 2199 2037 2260 Post
2067 2202 2186 2261 lwe
2226 2202 2497 2261 Romam

990 2300 1203 2371 uestit,
1248 2304 1690 2385 triumphoque
1694 2300 2121 2378 pulcherrimo
2151 2311 2297 2363 acto
2319 2302 2500 2375 apud

991 2391 1754 2482 senatumpiimumhaec
1757 2407 1950 2467 uerba
1981 2406 2210 2465 lta-buit
2223 2412 2342 2464 etc.
2381 2400 2495 2464 ad-

1856 427 2608 564 AnexANDER
2675 445 3233 562 SEVERVS.

2614 684 2924 758 tanquam
2955 655 3289 734 diversum
3326 664 3408 732 ab
3439 664 3582 733 aliis
3603 667 3994 736 sentientem
4022 667 4114 757 1’).

2612 774 2851 838 Refert
2908 771 3127 848 idem,
3204 791 3471 835 currum
3539 769 4001 855 triumphalem
4073 795 4115 839 a

2615 887 2897 960 quatuor
2941 873 3311 958 elephantis
3361 870 3565 937 fuisse
3605 885 3867 938 vectum
3902 874 4001 954 ⁰),
4046 889 4115 942 st

2610 996 2854 1040 numus
2885 994 3093 1061 equos
3132 973 3420 1037 exhibet.
3466 973 3691 1070 Quare
3727 988 3839 1038 ant
3870 976 4108 1044 falsum

2616 1078 2893 1142 edoctus
2957 1089 3059 1140 est
3109 1072 3573 1159 Lampridius,
3633 1089 3744 1139 aut
3803 1076 3913 1143 hic
3970 1065 4104 1145 nou

2614 1179 2829 1264 ipsum
2861 1176 3265 1264 triumphum
3286 1218 3305 1251 ,
3351 1174 3470 1239 sed
3506 1175 3703 1245 alium
3723 1199 4108 1263 processum

2614 1282 2789 1346 inter
2820 1281 2984 1344 haee
3016 1278 3314 1344 solennia
3341 1291 3685 1366 peractum
3710 1278 4049 1368 inteiligit.

2817 1387 2905 1446 Vt
2942 1386 3041 1445 lit.
3071 1383 3155 1445 A.

2611 1483 3225 1550 LIBERALITAS.
3294 1478 3497 1553 AVG.
3557 1483 3642 1555 V.
3714 1485 4109 1552 Liber-aliem

2609 1598 2812 1651 stans.
2854 1588 2993 1655 AV.
3039 1589 3250 1670 (Masi
3281 1583 3509 1670 Caes.)

2611 1789 2688 1851 B.
2891 1789 3072 1852 IMP.
3138 1787 3328 1855 SEV.
3389 1788 3838 1856 ALEXAND.
3900 1789 4103 1870 AVG..

2899 1894 3105 1971 Caput
3154 1893 3535 1955 laureatum.

2607 1987 3222 2070 LIBERALI'I'AS.
3262 1991 3526 2061 AVGG.
3557 1993 3639 2062 V.
3682 1998 3861 2058 Idem
3902 2005 4109 2077 typus.

2610 2093 2751 2156 AR.
2783 2095 2982 2177 (Mus.
3021 2094 3241 2177 Caes.)
3284 2096 3406 2159 Est
3439 2094 3730 2159 fabricae
3767 2093 4110 2161 barbarae.

2647 2213 2652 2218 ·
2895 2197 2980 2258 Vt
3019 2198 3117 2259 lit.
3148 2200 3246 2261 A.
3799 2261 3806 2266 .

2606 2296 3223 2362 LIBERALITAS.
3289 2297 3702 2370 AVGVSTI.
3761 2294 3847 2366 V.
3910 2298 3978 2362 S.
4027 2299 4105 2364 C.

2602 2402 2784 2463 Idem
2809 2411 3017 2480 typus.
3062 2402 3134 2461 In
3165 2398 3347 2463 aliis.
3391 2406 3744 2480 Imperator
3769 2404 4106 2482 conyiario

993 2500 1128 2577 dit,
1176 2501 1541 2566 orationem
1600 2506 1777 2570 hanc
1831 2503 1914 2568 ad
1956 2515 2259 2565 senatum
2311 2501 2496 2565 habi·
2599 2505 3002 2581 praesidem.
3047 2500 3184 2564 ΑΕ.
3230 2501 3285 2563 Ι.
3333 2503 3533 2580 (Mus.
3575 2499 3801 2580 Caes)

962 2589 1128 2666 tam
1195 2603 1301 2665 die
1344 2604 1485 2674 Vll.
1545 2607 1830 2669 Kalend.
1878 2604 2118 2668 Octoh.
2201 2605 2354 2668 Hoc
2399 2605 2494 2667 di·

995 2704 1277 2766 tertius
1266 2726 1520 2800 numus
1566 2707 1756 2796 prior
1799 2705 2159 2769 Alexandri
2207 2706 2279 2767 in
2308 2704 2489 2768 bello

989 2805 1265 2870 Persico
1330 2807 1640 2870 virtutem
1700 2809 2076 2894 praedicat,
2140 2806 2295 2870 dum
2355 2805 2411 2867 is
2454 2826 2491 2869 a

993 2905 1293 2973 Victoria
1340 2921 1701 2973 coronatus
1776 2909 1846 2973 in
1919 2907 2141 2973 medio
2209 2907 2490 2974 duorum

2735 2606 2937 2670 Teste
2951 2600 3337 2686 Lampridio
3369 2598 3432 2682 d)
3456 2601 3830 2665 Alexander
3852 2601 4104 2666 eodem

2608 2703 2718 2768 die
2775 2706 2955 2774 V111.
3015 2707 3169 2770 Kal.
3229 2701 3474 2767 Octob.
3531 2700 3922 2766 concionem
3985 2704 4109 2764 hu—

2604 2803 2893 2889 jusmodi
2942 2805 3202 2869 habuit:
3269 2808 3586 2884 Quirites,
3645 2808 3914 2874 vicimus
3953 2807 4109 2867 Per·

2605 2927 2752 3000 sas,
2797 2911 3036 2971 milites
3052 2912 3290 2970 divites·
3293 2910 3715 2983 reduximus,
3761 2908 3941 2970 vobis
3955 2926 4108 2968 cou-

988 3007 1345 3076 ssuviorum
1397 3011 1831 3095 proponitur,
1897 3011 2135 3102 quibus
2183 2989 2490 3092 Mesopo·
2599 3012 2890 3090 yiarium
2912 3013 3335 3090 pollicemur,
3381 3029 3527 3070 cras
3569 3011 3756 3072 ludos
3781 3011 4104 3071 Circenses

992 3110 1226 3187 tamis,
1272 3133 1460 3194 quam
1491 3111 1909 3196 Lampridius
1942 3130 2025 3173 ex
2070 3112 2337 3202 nomine
2370 3122 2496 3174 ter-

993 3234 1106 3273 ras
1155 3216 1639 3274 interamnanas
1680 3226 1872 3276 vocat
1893 3256 1911 3287 ‚
1992 3212 2134 3295 ejus
2172 3211 2487 3300 nimirum

997 3312 1165 3374 belli
1217 3312 1549 3375 theatrum
1608 3312 1961 3376 indicatur.
2048 3312 2488 3387 Herodianus,

994 3412 1147 3495 qui,
1213 3425 1287 3474 ut
1340 3412 1423 3474 ad
1482 3419 1721 3475 annum
1787 3415 2197 3497 superiorem
2244 3409 2522 3498 monui,

988 3513 1242 3576 multus
1280 3526 1382 3578 est
1418 3513 1487 3574 in
1539 3515 2134 3578 commemorandis
2156 3514 2489 3589 cladibus,

990 3626 1270 3697 propter
1299 3636 1458 3700 quas
1496 3615 1834 3698 ‘excedere
1871 3615 2348 3700 Mesopotamia
2383 3635 2491 3678 co·-

993 3729 1177 3777 actus
1212 3729 1314 3778 est
1341 3715 1750 3794 Alexander,
1799 3735 1947 3780 cum
1986 3737 2069 3781 ex
2104 3716 2207 3779 his
2250 3714 2489 3793 numis,

987 3831 1128 3880 tum
1191 3818 1567 3882 testimonio
1625 3818 2031 3903 Lampridii,
2077 3818 2491 3903 aliorumque

850 3974 863 3981 -
990 3916 1350 3982 refellitur.
1412 3922 1577 3982 Nam
1630 3923 1686 3984 si
1730 3920 2010 4010 inferior
2055 3939 2134 3982 ex
2184 3939 2265 3982 eo
2308 3918 2492 3980 bello

988 4017 1443 4110 discessisset,
1486 4035 1838 4107 perspecta
1874 4021 2016 4105 ejus
2046 4021 2115 4083 in
2145 4020 2325 4085 omni
2359 4020 2494 4084 vita

988 4121 1443 4186 moderatione
1495 4143 1573 4187 ac
1619 4121 2015 4209 prudentia,
2071 4144 2204 4185 non
2257 4120 2496 4186 admis-

987 4223 1182 4287 sisset
1225 4222 1555 4303 honores,
1601 4217 1715 4311 qui
1758 4222 2055 4289 conferri
2098 4224 2362 4288 nonnisi
2402 4243 2480 4287 re

986 4343 1310 4409 prospere
1361 4340 1546 4410 gesta
1586 4340 1737 4389 sunt
1782 4327 1995 4404 soliti,
2041 4325 2328 4412 satisque
2369 4326 2486 4390 ha-

983 4424 1238 4489 buisset
1271 4425 1682 4490 dissimulare
1717 4427 2059 4509 jacturam.
2127 4429 2485 4513 speciatim

982 4541 1055 4590 et
1113 4519 1567 4591 Herodianum
1649 4527 1962 4595 refutavit
2038 4528 2483 4615 Lampridius,

2605 3112 2902 3174 Persicos
2934 3113 3253 3173 dabimus.
3297 3109 3386 3172 Et
3437 3108 3661 3192 paullo
3695 3106 3901 3170 infia·
3944 3110 4110 3170 Alia

2604 3214 2712 3274 die
2731 3215 2899 3275 actis
2917 3215 3317 3276 Circensibus
3331 3255 3348 3285 ‚
3392 3222 3459 3274 et
3479 3213 3632 3273 item
3650 3212 3821 3273 ludis
3833 3212 4110 3272 scenicis

2605 3315 2905 3394 deinceps
2933 3319 3338 3396 conqiarium
3367 3314 3606 3394 populo
3641 3315 3714 3375 B.
3732 3315 3929 3375 dedit.
3970 3311 4110 3374 Nu·

2606 3433 2752 3475 mus
2789 3413 2960 3477 alter
3009 3428 3363 3499 argenteus
3394 3426 3661 3497 praeter
3689 3432 3942 3476 murem
3984 3431 4106 3475 no·-

2604 3533 2758 3577 men
2803 3519 2916 3577 Pii
2963 3516 3033 3578 in
3078 3503 3289 3578 antica
3342 3513 3620 3591 omittit,
3680 3527 3749 3582 et
3797 3513 3866 3576 in
3915 3533 4104 3578 aver-

2599 3635 2715 3691 sa,
2755 3614 2943 3700 quod
2986 3616 3057 3679 iu
3097 3618 3283 3679 nullo
3339 3614 3556 3680 adhuc
3591 3615 3953 3679 Alexandri
3983 3638 4105 3680 nu·

2605 3735 2715 3778 mo
2752 3715 3045 3795 adver-ti,
3090 3717 3354 3787 AVGG.
3385 3703 3508 3803 pru
3537 3713 3734 3780 solito
3770 3717 3972 3783 AVG.
4005 3713 4107 3779 οἱὸ

2605 3816 2759 3881 fert.
2804 3817 3390 3898 Animadversione
3427 3832 3779 3903 utrumque
3830 3816 4105 3903 dignum

2604 3919 2785 3983 foret
2825 3920 2893 3986 iu
2941 3940 3149 3984 numo
3200 3920 3503 3984 consueti
3537 3921 3796 3996 cultus,
3841 3931 3907 3981 at
3940 3936 4108 3982 -cum

2606 4019 2940 4086 barbarae
2978 4022 3066 4085 sit
3103 4017 3432 4099 fabricae,
3476 4020 3701 4106 legem
3732 4020 3957 4086 faeere
3987 4037 4108 4082 ne·

2607 4124 2773 4211 quit.

2973 4226 3048 4287 V.
3087 4226 3154 4289 C.
3187 4232 3336 4290 987.
3377 4226 3448 4287 Ρ.
3479 4226 3563 4289 Χ.
3593 4231 3743 4291 234.

2648 4328 4054 4393 TB.P.x111.cos.111.1>.1}1.1².P.

3239 4430 3470 4493 PIVS.

2728 4532 3022 4594 Maximo
3061 4519 3155 4594 11.
3207 4532 3272 4592 C.
3305 4521 3520 4614 Caelio
3545 4531 3804 4595 Vrbano
3836 4550 3969 4592 eos.

1008 4659 4082 4701 ’Ἥ

1061 4761 1124 4833 a)
1164 4758 1314 4837 Cap.
1352 4758 1443 4823 ⁵6.
1628 4755 1702 4830 b)
1744 4758 1894 4836 Cap.
1932 4762 2027 4824 57.
2217 4762 2279 4837 e)
2318 4757 2358 4820 l.
2398 4778 2448 4818 c.

2631 4759 2702 4831 d>
2744 4759 2893 4837 Cap.
2933 4767 3021 4823 57.
