4475 5584
919 469 1062 549 166
1872 457 2413 534 CLODIVS

922 655 1009 714 At
1058 646 1231 711 enim
1267 644 1337 708 id
1368 644 1583 729 ipsum
1631 662 1873 707 nomen
1903 643 2151 729 legitur
2198 642 2411 707 adhuc

922 755 990 814 in
1034 749 1249 814 numis
1285 746 1504 810 Albini
1550 747 1866 831 Augusti,
1924 764 2140 831 neque
2186 744 2412 807 verisi-

921 853 1120 929 mile,
1182 848 1493 910 Albinum
1544 868 1625 911 eo
1675 862 2011 932 tempore,
2090 866 2220 931 quo
2290 844 2408 907 ho·

927 967 1096 1015 stem
1175 971 1250 1014 se
1302 950 1534 1014 Severi
1594 950 1937 1034 professus·
1995 962 2131 1024 est,
2220 967 2411 1011 usum

918 1055 1125 1117 fuisse
1156 1053 1445 1128 nomine,
1490 1051 1666 1137 quod
1697 1073 1820 1135 per
1854 1050 2271 1135 adoptionem
2304 1069 2407 1112 ac-

920 1156 1249 1222 cessisset·
1291 1153 1550 1217 Certius
1583 1152 1784 1236 igitur
1803 1152 1977 1215 istud
2006 1171 2247 1216 nomen
2267 1151 2408 1214 fue-

901 1247 1005 1319 'rit
1044 1257 1231 1319 unius
1267 1276 1347 1318 ex
1385 1253 1775 1337 majoribus,
1831 1256 2010 1341 quod
2046 1254 2172 1318 sibi
2216 1271 2408 1317 more

918 1358 1060 1440 ejus
1098 1357 1326 1422 aetatis
1357 1358 1725 1424 adsciverit.

2514 457 3056 536 ALBINVS.

2636 647 2941 726 Pontifex
2980 646 3305 708 maximus
3324 686 3342 721 ,
3400 646 3588 708 Pater
3614 648 3893 727 patriae.
3957 657 3974 664 ·

2654 847 2843 940 Quae
2891 847 2972 911 ad
3004 847 3230 911 titulos
3267 849 3387 912 hos
3431 848 3797 932 pertinent,
3845 868 4010 933 quos

2522 948 2766 1013 Albino
2833 950 3016 1013 numi
3071 952 3321 1036 aliquot
3393 950 3584 1015 valde
3646 946 3830 1012 dubii
3897 950 4012 1011 tri-

2520 1051 2749 1128 buunt,
2792 1051 2985 1132 vide,
3031 1071 3196 1139 quae
3236 1051 3460 1138 paullo
3496 1071 3693 1137 supra
3727 1050 4009 1115 animad-

2520 1152 2864 1218 vertimus.
3749 1158 3756 1161 ’

2198 1641 2325 1704 PB
2343 1644 2401 1703 Ε
2429 1643 2536 1704 TI
2556 1643 2716 1702 VM.

1312 1842 1651 1904 Commatt's
1692 1841 1970 1903 Romam·
1986 1861 2010 1901 .-

1502 1941 1709 2010 Aurei
1837 1973 3249 2011 ................
3334 1943 3541 2004 RRR.

1503 2042 1823 2127 Argentei
1953 2069 3249 2108 ..............
3336 2044 3419 2105 R.

1502 2143 1713 2206 Aenei
1747 2145 1798 2204 1.
1848 2156 1916 2205 et
1950 2145 2030 2206 11.
2084 2143 2335 2206 formae
2377 2183 3245 2215 ..........
3332 2145 3413 2205 R.

1497 2244 1709 2308 Aenei
1738 2245 1845 2306 111.
1883 2245 2137 2307 formae
2265 2285 3243 2311 ..........
3333 2243 3418 2305 Ο.
3596 2308 3630 2322 ,

1502 2344 1716 2409 Aenei
1756 2368 1925 2408 max.
1968 2344 2223 2408 formae
2282 2386 2934 2412 .......
2971 2379 2976 2384 -
3020 2388 3040 2409 .
3123 2391 3142 2407 .
3227 2386 3244 2406 .
3327 2346 3571 2408 RRRR

1301 2447 1649 2513 commatis
1673 2451 2004 2528 pereyrim'
2020 2470 2045 2508 .-

1498 2547 1777 2615 Vrhium
1820 2548 2179 2611 liberarum
2262 2593 2283 2615 .
2370 2594 2389 2614 .
2477 2592 2494 2610 .
2583 2597 2601 2615 .
2690 2592 2708 2611 .
2796 2592 2815 2610 .
2910 2594 2929 2613 .
3012 2590 3031 2613 .
3119 2589 3140 2612 .
3226 2591 3245 2611 .
3329 2548 3533 2610 ΒΒΒ.

1496 2649 1957 2725 Alexandrini,
2004 2661 2070 2712 ct
2115 2650 2510 2722 Antiocheni
2581 2690 3242 2717 .......
3329 2648 3411 2712 Ο.

1493 2751 1914 2816 Coloniarum
2042 2795 3237 2818 ............
3328 2749 3414 2813 Ο.

1770 3039 1848 3098 ι.
1936 3001 2551 3119 sssprmurs'
2617 3038 2748 3101 SE
2770 3037 3127 3119 meurs.

1018 3234 1222 3294 Natus
1282 3231 1355 3292 in
1413 3230 1639 3296 Africa
1703 3229 1875 3314 apud
1928 3230 2167 3314 Leptin
2241 3232 2382 3316 agri

893 3332 1285 3417 Tripolitani
1352 3347 1535 3417 patre
1607 3334 1809 3406 Geta,
1891 3346 2096 3394 matre
2146 3333 2383 3397 Fulvia

890 3435 1010 3501 Pia
1060 3432 1167 3495 die
1197 3435 1309 3495 XI.
1362 3434 1608 3516 Aprilis
1657 3434 1738 3498 V.
1790 3434 1862 3494 C.
1909 3434 2034 3517 899
2067 3434 2382 3516 ⁸).·Lati·

888 3557 1005 3599 nas
1037 3535 1454 3618 Graecasque
1496 3535 1719 3596 literas
1753 3549 1930 3617 puer
1966 3533 2236 3598 adsidue
2273 3556 2381 3599 co-

888 3637 1051 3722 luit,
1111 3634 1323 3719 iisque
1358 3633 1484 3696 fuit
1536 3633 2039 3699 eruditissimus.
2102 3639 2379 3699 Romam

887 3737 1228 3824 profectus
1319 3735 1539 3821 coepit
1608 3733 1835 3798 adire*
1877 3738 2378 3821 rempublicam,

885 3838 1141 3923 fuitque
1175 3838 1305 3919 jam
1335 3858 1506 3900 anno
1538 3837 1767 3900 aetatis
1800 3839 2065 3903 xxxll.
2110 3854 2379 3924 praetor

887 3940 1262 4024 designatus
1293 3958 1694 4022 magnopere
1721 3938 1863 4021 ejus
1899 3939 2174 4004 consilia
2198 3940 2376 4023 adju-

890 4054 1079 4105 vaute
1127 4038 1448 4125 Septimio
1515 4037 1765 4105 Severo
1829 4041 2042 4105 adfine
2090 4062 2210 4106 suo
2270 4040 2375 4105 bis

891 4142 1222 4207 consulari
1250 4139 1335 4219 b).
1428 4143 1616 4205 Inter
1667 4143 1808 4224 ejus
1857 4142 2141 4226 maiores
2197 4143 2373 4207 haud

889 4244 1087 4309 dubie
1132 4244 1328 4307 etiam
1379 4243 1820 4307 numerandus
1861 4244 2215 4328 Septimius
2258 4246 2373 4309 Se·

881 4369 1118 4421 verus,
1178 4345 1260 4407 ad
1293 4365 1491 4430 quem
1522 4344 1769 4430 *Statius
1801 4345 2072 4431 elegans
2108 4367 2369 4410 carmen

887 4447 1182 4533 scripsit,
1228 4459 1295 4507 et
1325 4467 1520 4530 quem
1553 4446 1610 4509 is
1641 4445 1733 4510 ibi
1786 4466 1871 4510 ex
1913 4448 2143 4511 eadem
2181 4448 2377 4533 Lepti

2502 3234 2848 3298 oriundum
2882 3231 3091 3295 refert
3122 3232 3183 3311 c)
3206 3273 3224 3305 ‚
3268 3228 3789 3314 conspirantibus
3818 3229 3984 3295 adeo
4013 3211 4023 3221 ’

2496 3337 2902 3411 nominibus,
2949 3349 3013 3397 et
3031 3332 3261 3417 patria.
3305 3332 3726 3415 Praepositus
3746 3331 3984 3395 deinde

2495 3437 2744 3522 legioni
2800 3439 2912 3505 IV.
2973 3432 3319 3515 Scythicae
3370 3431 3547 3496 circa
3585 3434 3935 3497 Massiliam
3963 3480 3982 3509 ,

2494 3551 2722 3622 postea
2751 3536 3261 3622 Lugdunensem
3297 3532 3576 3596 Galliam
3620 3555 3854 3620 magna
3884 3555 3984 3598 se-

2495 3639 2789 3701 veritatis
2839 3652 2907 3701 et
2941 3634 3372 3700 abstinentiae
3413 3635 3983 3699 commendatione

2493 3741 2692 3805 rexit.
2783 3739 3149 3803 Pannonias
3207 3756 3509 3822 quoque,
3570 3751 3636 3799 et
3687 3738 3980 3803 Siciliam

2491 3840 2888 3926 proconsule
2920 3839 3419 3906 administravit.
3463 3838 3547 3905 V.
3585 3840 3654 3902 C.
3678 3840 3805 3921 938
3825 3861 3980 3904 con-

2491 3945 2592 4006 sul
2637 3942 2952 4007 suffectus
3002 3942 3129 4005 fuit
3175 3941 3353 4005 inter
3412 3959 3527 4003 eos
3573 3941 3860 4026 quinque
3911 3947 4026 4003 et·

2486 4044 2752 4132 viginti,
2811 4065 2978 4128 quos
3017 4027 3174 4122 lice,
3203 4063 3374 4106 anno
3426 4040 3509 4105 ad
3569 4041 3976 4105 consulatum

2485 4145 2816 4229 promovit
2876 4142 3275 4209 Commodus
3305 4142 3391 4225 d).
3487 4142 3727 4233 Postea
3791 4161 3978 4226 prae·

2485 4246 2699 4310 sectus
2758 4247 3081 4310 exercitui
3128 4244 3508 4310 Pannonico
3562 4256 3631 4306 et
3682 4243 3973 4324 Illyrico,

2490 4368 2683 4413 caeso
2739 4345 3141 4424 Commodo,
3200 4360 3268 4411 et
3313 4346 3660 4411 Pertinace
3729 4345 3811 4408 ad
3855 4343 3974 4406 im·

2487 4448 2744 4534 perium
2784 4463 3056 4527 evecto,
3119 4448 3188 4511 in
3243 4447 3436 4532 hujus
3478 4444 3611 4511 fide
3667 4459 3971 4511 constans

958 4715 1032 4784 ⁹)-
1055 4708 1169 4768 Dio
1200 4709 1268 4770 1⁴·
1300 4707 1567 4773 LXXVI·
1613 4716 1663 4786 §.
1695 4723 1783 4778 17·
1894 4714 1963 4786 b)
2003 4714 2294 4793 Spartian-
2409 4716 2470 4789 c)
2509 4713 2722 4775 Silvat.
2758 4715 2821 4773 L·
2859 4713 2958 4778 lv.
2996 4735 3172 4775 carm.
3199 4713 3275 4777 V.
3386 4712 3457 4788 d)
3498 4712 3800 4790 Spartian.
3839 4731 3888 4770 c.
3911 4717 3964 4771 4.
