4475 5584
1508 432 2180 516 SALONINVS.

303 631 573 695 Constat
625 623 902 703 deinde„
945 620 1028 687 ad
1072 621 1535 709 imperatorem
1587 624 1792 710 perti-

292 732 517 796 nuisse
567 729 670 812 jus
714 724 1011 810 signandi
1055 726 1197 790 suri
1239 729 1662 814 argentique,
1705 727 1787 791 ad

299 846 595 897 senatum
640 831 810 894 aeris
837 874 854 903 ‚
916 827 1089 891 unde
1133 829 1204 890 in
1243 843 1551 913 promptu
1595 832 1787 907 ratio,

300 958 420 1000 cur
448 946 660 998 exstet
695 943 1082 1014 argenteus,
1129 931 1638 1015 quiSaloninum
1659 934 1788 994 Au·

300 1051 560 1121 gustum
612 1034 791 1098 dicit.
876 1034 1146 1094 Certum
1198 1032 1517 1107 denique,
1562 1048 1794 1097 conse·

299 1130 878 1218 crationem'juris
926 1132 1238 1198 senatorii
1290 1132 1534 1208 fuisse,
1614 1135 1788 1198 unde

295 1232 619 1300 rationem
665 1258 924 1299 rursum
977 1250 1314 1309 tenemus,
1379 1254 1500 1297 eur
1539 1234 1792 1297 Saloni-

296 1361 423 1405 nus
467 1337 534 1399 in
583 1338 1094 1403 consecrationis
1137 1336 1352 1397 numis
1382 1338 1622 1398 Caesar
1652 1350 1792 1401 tan-

298 1455 436 1505 tum
469 1440 866 1502 nominetur.
915 1436 1108 1529 Quod
1133 1429 1316 1499 'vero
1357 1436 1421 1498 in
1466 1437 1790 1521 aliquibus

293 1541 551 1614 nuruis,
631 1542 742 1625 qui
791 1540 857 1599 in
919 1538 1276 1621 provinciis
1335 1538 1570 1622 signati
1620 1550 1789 1615 sunt,

298 1661 465 1727 quae
495 1656 762 1717 senatus
795 1640 1024 1715 fuere,
1071 1639 1328 1700 dicatur
1356 1652 1571 1700 tamen
1601 1642 1795 1719 impe·

294 1754 477 1806 rator
536 1741 965 1829 simpliciter,
1042 1758 1452 1823 nequaquam
1527 1738 1789 1816 mirum,

297 1865 445 1906 nam
484 1858 555 1907 ut
590 1844 736 1928 quis
774 1854 1246 1926 agnosceretur
1266 1844 1635 1924 Augustus,
1678 1859 1793 1901 ne-

300 1964 485 2008 cesse
513 1958 651 2008 erat
674 1943 994 2008 accedere
1019 1940 1471 2004 auctoritatem
1505 1953 1789 2016 senatus,

299 2059 366 2110 at
411 2045 829 2131 imperatoris
862 2043 1089 2105 titulus
1119 2041 1592 2105 adclamatione
1623 2041 1792 2103 mili·

300 2146 424 2211 tsri
459 2146 937 2233 acquirebatur.

424 2251 638 2340 Atque
685 2247 812 2311 hoc
853 2247 1129 2310 obtentu
1168 2242 1629 2329 Brequignyns
1658 2241 1794 2328 pla-

296 2372 382 2415 na
415 2351 631 2430 omnia
666 2349 982 2433 spondet,
1028 2369 1194 2433 quae
1227 2344 1541 2427 impedita
1572 2345 1791 2409 bacte-

157 2506 170 2513 -
295 2473 422 2516 nus
453 2464 651 2537 atque
686 2449 972 2533 implexa
1007 2446 1418 2511 videbantur.
1481 2448 1632 2543 Quo
1673 2447 1794 2510 mi-

183 2546 202 2565 '
294 2574 421 2616 nus
455 2554 769 2617 continuo
800 2550 1144 2615 adsensum
1165 2562 1487 2631 praestem
1512 2592 1530 2624 ,
1578 2548 1792 2612 obstat

428 2656 479 2715 1.
526 2653 816 2716 Auctore
871 2638 1014 2736 ipso
1061 2650 1408 2712 Saloninus
1465 2649 1533 2710 in
1588 2669 1792 2711 numo

298 2766 615 2839 argenteo
648 2752 888 2816 dicitur
923 2755 1254 2834 Augustus
1278 2795 1295 2827 ,
1359 2751 1665 2834 quoniam
1696 2749 1795 2811 fe-

300 2855 524 2920 riundi
579 2854 837 2939 argenti
897 2852 1001 2936 jus
1059 2853 1142 2919 sd
1186 2850 1549 2935 principem
1594 2846 1795 2935 perti-

296 2956 462 3019 nuit.
508 2952 797 3051 Quaero,
838 2974 959 3017 cur
989 2953 1167 3017 idem
1202 2955 1268 3015 in
1285 2951 1619 3037 argenteis
1641 2970 1797 3016 con·

305 3055 690 3119 sectationis
717 3055 931 3118 numia
965 3068 1144 3118 tanto
1179 3074 1456 3118 numero
1486 3052 1799 3137 supersti-

298 3157 478 3220 tibus
496 3200 516 3235 ,
562 3170 939 3220 constanter
970 3157 1227 3220 dicatur
1254 3157 1494 3220 Caesar
1521 3166 1794 3230 tantum,

304 3263 636 3342 Augustus
656 3279 734 3320 ex
760 3257 903 3339 ejus
930 3258 1249 3320 sententia
1274 3276 1600 3342 nunquam
1617 3254 1651 3317 ‘2
1692 3256 1796 3318 An
1875 3302 1886 3309 .

303 3372 376 3421 ut
425 3359 936 3421 consecrationis
985 3358 1368 3432 decretum,
1436 3358 1524 3419 ita
1573 3369 1641 3419 et
1692 3355 1796 3440 jus

305 3461 606 3545 signandi
654 3479 892 3523 aureos
931 3471 1414 3544 argenteosque
1455 3476 1799 3520 consecra·

302 3562 501 3625 tionis
561 3583 794 3625 numos
857 3561 940 3624 ad
997 3572 1291 3623 senatum
1335 3556 1792 3642 pertinuerat?

304 3662 423 3727 Sin
448 3661 659 3737 istud,
706 3682 826 3725 cur
842 3661 909 3722 in
938 3660 1228 3724 omnium
1259 3672 1791 3722 consecratorum

301 3760 672 3847 principum
709 3763 924 3826 numis
953 3759 1302 3827 nobilioris
1333 3761 1582 3824 metalli
1610 3759 1796 3823 abest

303 3874 458 3928 nota
492 3864 566 3927 S.
594 3864 668 3927 C.
688 3862 720 3926 ’ἒ
761 3864 935 3928 Novi
965 3883 1108 3931 eam
1141 3861 1459 3926 exsistere
1495 3863 1562 3924 in
1579 3861 1794 3925 numia

307 3964 526 4029 aureis
568 3964 1029 4049 argenteisque
1060 3954 1194 4026 divi
1228 3963 1642 4048 Vespasianit
1685 3982 1797 4028 ve·

303 4089 457 4133 rum
486 4079 625 4130 tum
675 4066 988 4130 scribitur
1016 4065 1159 4129 EX.
1192 4065 1259 4127 S.
1294 4066 1368 4129 C.
1389 4110 1407 4142 ‚
1453 4084 1583 4151 quo
1634 4061 1801 4125 indi·

247 4180 260 4189 ‘
306 4168 482 4246 cari,
546 4187 682 4233 non
726 4168 850 4231 hos
892 4186 1129 4230 numos
1189 4177 1450 4228 senatus
1494 4162 1797 4228 consulto

301 4271 510 4336 fuisse
551 4289 781 4346 cusos,
824 4267 943 4332 sed
982 4266 1454 4351 Vespasianum
1503 4286 1588 4331 ex
1624 4267 1693 4331 S.
1721 4267 1797 4331 C.

307 4382 762 4440 consecratum
785 4414 803 4446 ‚
847 4378 1175 4432 noverunt
1205 4386 1454 4430 omnes.

437 4476 523 4536 11.
564 4474 841 4535 Exstant
874 4467 1302 4534 Alexandrini
1343 4468 1638 4533 Salonini
1687 4490 1806 4532 nn·

309 4572 402 4639 mi
445 4592 596 4639 cum
637 4572 832 4635 titulo
878 4569 1186 4655 Augusti,
1241 4571 1562 4659 annisque
1603 4568 1684 4638 Δ.
1727 4573 1804 4637 Z.

504 4671 686 4754 (ναι.
734 4672 914 4757 VII.)

3243 465 3386 541 425

1904 614 2138 707 'Coepit
2179 636 2387 689 annus
2430 620 2489 687 Δ
2531 640 2816 693 exeunte
2861 629 3158 715 Augusto
3203 633 3286 702 V.
3323 634 3398 697 C.
3458 623 3465 630 ’
3554 640 3559 645 “
3636 708 3645 716 ,

1912 744 2070 809 root)
2135 729 2209 788 P.
2268 728 2349 788 X.
2412 728 2575 805 256,
2633 744 2700 793 et
2762 752 2966 799 annus
3029 733 3080 791 Z
3162 734 3400 796 eodem

1902 846 2136 890 mense
2172 828 2255 893 V.
2282 831 2373 917 xC.
2415 847 2576 892 sous
2632 833 2709 893 P.
2741 832 2826 893 X.
2873 831 3045 912 259,
3081 814 3213 916 quo
3257 834 3433 916 ipso·

1903 949 2054 991 eum
2086 951 2255 992 anno
2286 930 2566 995 subinde
2603 951 2866 995 caesum
2901 931 3205 995 diximus.
3280 936 3407 1003 Er«

1905 1050 1990 1113 go
2019 1032 2369 1094 Saloninus
2407 1034 2740 1118 Augustus
2788 1032 2918 1096 fuit
2955 1034 3138 1095 annis
3170 1034 3406 1101 solidis
3478 1074 3489 1081 -

1905 1131 2158 1195 duobus
2180 1177 2197 1206 ,
2246 1149 2313 1195 et
2349 1135 2580 1196 saltem
2614 1135 2865 1220 aliquot
2898 1135 3257 1213 mensibus.
3302 1138 3406 1197 Ex

1905 1242 2050 1316 qno‘
2072 1236 2497 1319 consequitur
2537 1225 2953 1310 necessatio,
3014 1253 3248 1307 numos
3288 1235 3407 1299 Sa·

1902 1325 2112 1395 lonini
2139 1348 2391 1398 tantum
2432 1333 2729 1399 Caesaris
2762 1352 3112 1422 argenteos
3152 1356 3405 1410 omnes,

1907 1454 2185 1520 quorum
2231 1437 2468 1523 ingens
2521 1449 2823 1520 superest
2874 1436 3097 1520 copia,
3144 1436 3298 1520 quin
3338 1448 3409 1503 et

1907 1556 2143 1600 aureos
2179 1550 2471 1614 omnes,*
2495 1557 2660 1620 quos
2702 1536 3053 1613 babemus,
3115 1537 3407 1619 signatos

1905 1635 2109 1699 fuisse
2152 1652 2304 1701 ante
2341 1650 2636 1701 mensem
2666 1640 3031 1721 Augustum·
3060 1637 3217 1701 dicti
3250 1639 3405 1701 anni

1893 1730 2113 1822 ἰοοι),
2181 1760 2330 1805 cum
2383 1739 2699 1824 deinceps
2734 1739 3013 1823 Augusti
3044 1759 3197 1801 eum
3242 1739 3403 1805 ima-

1907 1840 2060 1925 gine
2088 1841 2374 1925 proponi
2411 1861 2687 1906 necesse
2719 1839 2940 1903 ffierit.
2997 1842 3081 1903 At
3112 1861 3233 1904 cur
3270 1854 3410 1905 mo*

1904 1940 2173 2015 uetat-ii,
2234 1941 2347 2024 qui
2405 1956 2534 2005 tam
2581 1942 2795 2005 seduli
2853 1940 3045 2003 fuere
3105 1941 3174 2003 in
3218 1943 3402 2007 dedi-

1905 2036 2111 2103 canda
2157 2043 2472 2106 Salonino
2526 2047 2788 2106 Caesari
2836 2056 3138 2118 moneta,
3198 2046 3408 2107 conti·

1904 2159 2037 2231 nuo
2079 2142 2439 2221 remisere,
2486 2164 2569 2207 ex
2602 2164 2732 2230 quo
2773 2142 2832 2205 is
2870 2142 3201 2226 Augustus
3236 2145 3407 2213 fuit?

1908 2243 2107 2306 Certe
2143 2263 2226 2306 ex
2278 2261 2539 2309 moneta
2582 2258 2895 2330 argentea
2946 2245 3239 2308 Salonini
3277 2247 3409 2313 Au·

1905 2344 2080 2430 gusti
2137 2344 2308 2409 intra
2368 2346 2623 2409 biennii
2666 2360 2734 2408 et
2794 2345 3076 2430 amplius
3119 2348 3403 2431 spatium

1865 2528 1872 2537 .
1905 2449 2154 2530 signata
2195 2467 2466 2509 numum
2511 2447 2776 2509 unicum
2815 2445 3132 2511 babemus
3174 2468 3406 2532 super-

1905 2548 2148 2611 stitem.
2237 2548 2311 2610 Si
2370 2566 2529 2611 vera
2588 2548 2995 2632 Brequignyi
3052 2550 3401 2627 sententia,

1906 2669 1987 2710 an
2025 2665 2158 2710 non
2202 2648 2601 2711 contrarium
2651 2648 2869 2731 potius
2910 2648 3214 2712 debuisse
3252 2671 3406 2714 eve·

1905 2747 2053 2811 nire
2087 2749 2226 2832 ipsa
2254 2749 2423 2812 ratio
2467 2748 2742 2811 suadet?
2785 2746 3116 2824 Adverte,
3162 2772 3271 2815 me
3294 2752 3405 2819 hic
3516 2747 3524 2754 ’

1907 2846 2093 2933 loqui
2127 2848 2198 2910 in
2247 2851 2568 2915 sententia
2607 2851 3048 2936 Brequignyi‚
3095 2853 3208 2937 qui
3262 2852 3435 2916 uni-r·-

1911 2968 2058 3014 cum
2093 2964 2346 3017 tantum
2383 2965 2769 3036 argenteum
2804 2953 3101 3015 Salonini
3120 2957 3410 3035 Augusti

1908 3053 2214 3135 agnovit,
2261 3054 2556 3137 reliquos
2607 3054 2886 3116 aliorum
2939 3055 3247 3136 exemplo
3282 3056 3405 3125 Va·

1891 3154 2164 3218 let-iano
2195 3153 2332 3237 jun.
2364 3154 2780 3237 adjudicavit.

2033 3256 2145 3316 111.
2189 3257 2526 3319 Habemus
2558 3271 2907 3339 argenteos
2939 3257 3233 3320 Salonini
3284 3279 3406 3320 nu·
3461 3325 3469 3338 ,

1908 3374 2053 3418 snos
2082 3356 2435 3440 inscriptos
2454 3358 3211 3432 wcToRlA.PART.‚
3255 3376 3407 3441 per·

1906 3455 2062 3518 inde
2120 3476 2197 3520 ac
2258 3457 2460 3542 patris
2522 3458 2850 3537 Gallieni,
2915 3473 2985 3522 et
3042 3460 3150 3524 avi
3212 3459 3408 3527 Vale·

1905 3557 2099 3622 riani.
2184 3557 2503 3627 omnium
2545 3581 2674 3623 una
2710 3573 2815 3623 est
2862 3558 3225 3635 sententia,
3282 3559 3407 3627 bos

1907 3659 2200 3744 signatos
2241 3659 2585 3723 occasione
2631 3659 2946 3731 victoriae
2971 3708 2989 3740 ,
3054 3681 3248 3746 quam
3290 3657 3406 3727 bic

1908 3760 2031 3822 snb
2077 3758 2331 3820 initium
2371 3745 2809 3843 expeditioni}
2855 3782 3011 3827 mo
3054 3760 3138 3824 de
3180 3760 3406 3825 Persi·

1907 3861 2158 3923 retulit.
2200 3859 2498 3922 Relatum
2518 3860 2684 3925 hanc
2698 3862 3098 3946 chronologi
3114 3874 3407 3927 statuunt

1906 3964 1991 4031 V.
2041 3964 2113 4025 C.
2177 3979 2381 4035 ποια,
2459 3961 2570 4042 qui
2610 3963 3033 4046 Brequignyo
3104 3963 3252 4046 ipso
3308 3962 3410 4045 ju·

1912 4056 2059 4126 dice
2088 4059 2215 4124 fuit
2245 4074 2617 4143 postremus
2652 4063 2970 4126 Salonini.
3048 4056 3302 4126 Tamen
3347 4061 3408 4127 is

1908 4163 1977 4226 in
2041 4162 2170 4225 boc
2233 4179 2435 4227 numo
2497 4161 2740 4225 Caesar
2814 4176 3069 4225 tantum
3141 4162 3406 4243 dicitur,

1856 4266 1871 4282 ⁸
1911 4265 2027 4350 qui
2071 4279 2211 4327 tum
2242 4261 2354 4327 vel
2398 4261 2682 4326 maxime
2722 4264 3056 4348 Augustus
3089 4263 3409 4329 dicendus

1912 4367 2154 4538 1..ΞΘΙΙΒῩἛΣ
2197 4467 2460 4535 Recitat
2501 4465 2900 4531 Muratorius
2940 4465 3269 4551 insignem
3313 4467 3412 4529 in-

1915 4570 2347 4656 scriptionem
2402 4567 2765 4635 dedicatam
2776 4568 3157 4735 1{inebriatio
3174 4612 3195 4647 ,
3257 4567 3411 4637 Gal-
