4475 5584
1180 430 1267 504 L.
1372 422 1868 503 SEPTIMI
1898 421 2027 496 VS
2128 422 2710 503 SEVERVS,

3337 442 3490 523 189

504 614 629 686 Vir
653 627 817 693 erat,
859 613 927 677 in
961 633 1093 701 quo
1128 612 1469 677 mediocre
1493 613 1658 676 nihil
1680 658 1699 692 ,
1740 612 1875 677 vir-
1984 607 2197 675 visum
2219 651 2258 691 ,4
2288 606 2494 685 dolis,
2538 605 2940 684 mendaciis,
2981 603 3292 694 perjuriis
3326 606 3491 694 per}

375 731 553 782 tutes
626 735 950 794 summae,
1036 713 1193 781 vitia
1251 716 1583 793 enormia,
1674 730 1870 801 atque

379 817 581 883 etiam
620 817 816 892 illae,
879 818 1191 904 qnoniam
1242 818 1510 881 modum
1571 818 1875 895 excessit,

376 918 557 982 vitiis
613 920 975 1004 proximae.
1058 920 1149 988 Vt
1196 919 1452 983 duriter
1497 920 1643 1004 ipse
1692 919 1875 997 vixit,

376 1021 635 1107 patiens
668 1018 1009 1099 laborum,
1052 1021 1232 1087 victu
1275 1021 1616 1099 modicus,
1659 1020 1878 1085 animo

379 1123 729 1189 adversum
786 1142 1021 1200 omne,
1095 1123 1414 1210 quidquid
1473 1122 1749 1186 arduum
1810 1136 1880 1186 et

380 1223 869 1309 periculosum,
963 1224 1297 1308 intrepido
1367 1239 1436 1290 et
1514 1238 1878 1300 constante,

380 1327 476 1389 its
511 1325 597 1388 ad
625 1325 901 1388 eandem
934 1325 1383 1403 tolerantiam,
1432 1341 1499 1391 et
1532 1326 1883 1392 observan-

384 1426 549 1490 tiam
580 1426 971 1511 disciplinae
994 1425 1273 1491 militem
1316 1427 1716 1505 adsuefecit,
1762 1426 1881 1491 sed

386 1528 525 1606 sic,
569 1541 681 1605 ut,
726 1549 876 1592 cnm
908 1543 1183 1613 propter
1205 1528 1563 1613 ingenitam
1598 1530 1886 1615 pertina-

388 1629 560 1692 ciam
610 1629 855 1692 cedere
886 1631 1030 1714 ipse
1071 1646 1182 1696 aut
1210 1635 1455 1710 nollet,
1514 1646 1625 1696 aut
1673 1631 1886 1695 nesci-

383 1745 516 1807 ret,
560 1748 760 1815 saepe
795 1734 978 1796 nulla
1014 1733 1099 1797 de
1133 1754 1328 1799 cansa
1360 1724 1885 1820 magnam'exer·

389 1832 562 1896 citus
646 1845 904 1916 partem
985 1849 1099 1900 aut
1154 1837 1428 1913 morbo,
1521 1850 1633 1899 aut
1697 1835 1885 1900 ferro

392 1933 763 2012 amitteret,
818 1950 1014 2023 atque
1056 1938 1267 2016 idem,
1324 1940 1438 2026 qui
1499 1937 1886 2025 disciplinae

388 2035 697 2098 militaris
760 2038 950 2122 leges
1011 2039 1096 2102 ad
1157 2040 1613 2106 crudelitatem
1677 2061 1887 2127 nsque

393 2138 657 2221 exegit,
713 2152 936 2202 tamen
966 2141 1245 2207 militem
1296 2143 1620 2206 donativis
1657 2142 1892 2204 immo·

320 2224 335 2231 ’
394 2239 605 2317 dicis,
664 2254 859 2328 atque
896 2242 1302 2328 indulgendo
1351 2244 1662 2320 liberius,
1723 2263 1890 2330 quae

392 2341 713 2407 hactenus
774 2344 977 2408 vetita
1028 2346 1097 2406 in
1166 2347 1396 2408 castris
1459 2346 1891 2424 habebantur,

402 2445 742 2530 eorrumpi
800 2459 1164 2530 pateretur.
1204 2451 1283 2509 ln
1317 2448 1499 2511 bello
1532 2468 1722 2523 acer,
1788 2467 1897 2510 ve·

398 2542 711 2623 hemena,
754 2567 832 2611 ac
864 2550 1231 2633 praesentis
1262 2551 1329 2611 in
1373 2549 1573 2627 rebus
1602 2549 1895 2612 adversis

405 2648 702 2724 consilii,
763 2650 916 2734 plus
968 2665 1181 2715 tamen
1225 2670 1349 2736 per
1395 2651 1635 2727 duces,
1701 2671 1895 2735 qnam

401 2770 527 2834 per
560 2768 635 2813 se
671 2751 885 2837 ipsum
922 2753 1163 2836 gessit,
1226 2771 1508 2837 quornm
1545 2753 1773 2816 virtuti
1820 2771 1901 2816 ac

404 2850 565 2915 fidei
610 2853 855 2916 victum
907 2855 1111 2917 ternis
1151 2854 1420 2938 praeliis
1454 2855 1732 2938 Nigrum
1786 2851 1901 2916 de·

404 2951 588 3030 huit,
658 2955 802 3036 ipse
848 2958 913 3018 in
964 2978 1183 3041 pugna
1234 2955 1547 3019 adversus
1587 2956 1899 3018 Albinum

406 3067 660 3118 tantum
704 3079 839 3120 non
880 3058 1131 3133 victus,
1194 3077 1270 3121 ac
1318 3077 1442 3143 pro
1477 3071 1740 3121 mortuo
1791 3056 1907 3120 ab·

406 3152 658 3237 iectus,
707 3171 901 3243 atque
935 3160 1017 3224 ab
1055 3148 1370 3224 Ati-orum
1414 3158 1694 3222 Arabiae
1731 3158 1904 3223 obsi-

413 3259 613 3323 dione
647 3259 750 3322 bis
783 3263 1110 3347 repulsus.
1169 3263 1434 3324 Bellum
1471 3261 1733 3346 gravius
1769 3262 1916 3324 nul·

410 3360 552 3423 lum
602 3363 987 3426 necessario
1030 3364 1340 3450 suscepit.
1431 3364 1665 3428 Civilia
1709 3364 1912 3429 suasit

413 3461 725 3540 ambitio,
807 3477 876 3528 et
929 3479 1002 3528 ut
1063 3465 1243 3528 solus
1294 3465 1568 3528 remotis
1636 3465 1912 3528 aemulis

332 3544 347 3557 ⁹
410 3546 817 3647 imperaret,
870 3566 1249 3641 Parthicum
1284 3565 1604 3651 cupiditas
1634 3567 1910 3651 gloriae,

413 3677 497 3728 tt
574 3679 854 3731 testatur
926 3668 1339 3754 Spartianus,
1438 3669 1913 3746 Britannicum,

414 3766 598 3852 qnod
640 3766 814 3834 filios
860 3771 1169 3836 licentiae
1219 3771 1506 3834 urbanae
1542 3771 1905 3855 impensius

421 3867 717 3950 deditos,
773 3887 840 3937 et
894 3874 1196 3957 legiones
1230 3872 1368 3936 otio
1408 3871 1789 3936 diffluentes
1830 3873 1915 3937 ad

418 3972 722 4038 laborem
769 3975 1035 4040 volebat
1079 3994 1419 4040 revocare.
1480 3976 1570 4039 Et
1609 3995 1773 4039 vero
1825 3974 1923 4037 in·

420 4077 751 4144 tumultis
777 4075 881 4140 his
909 4077 1243 4141 bellorum
1283 4076 1458 4142 curis
1490 4096 1626 4141 non
1653 4095 1924 4162 magno-

423 4199 586 4264 pere
614 4168 897 4264 impcrio
923 4179 1273 4255 consuluit,
1316 4177 1600 4256 Parthis,
1645 4178 1921 4264 aliisque

427 4294 611 4345 trans
642 4278 1048 4367 Euphratem
1097 4278 1404 4366 gentibus
1452 4302 1590 4344 non
1643 4292 1776 4343 tam
1810 4278 1924 4342 de·

423 4378 661 4457 victis,
744 4398 981 4468 quam,
1072 4383 1255 4469 quod
1314 4383 1628 4468 deinceps
1685 4382 1917 4467 patuit,

426 4486 636 4572 magis
674 4487 1021 4551 adversum
1060 4489 1432 4550 Romanum
1481 4491 1720 4549 nome'n
1771 4483 1920 4547 irri-

425 4588 599 4654 tatis.
644 4586 878 4674 Neque
909 4602 1042 4653 tam
1077 4588 1160 4653 ab
1193 4588 1391 4652 armis
1411 4586 1677 4673 apertis,
1724 4606 1918 4672 quam

431 4690 713 4758 occultis
758 4689 1027 4756 insidiis·
1060 4689 1494 4770 mctucndus,
1557 4696 1711 4755 cu'm
1757 4707 1798 4754 e
1840 4706 1920 4753 re

1983 709 2139 772 inde
2199 724 2301 773 est
2371 730 2548 772 usus.

2646 712 2816 775 Sane
2888 712 3202 790 amicitia,
3292 736 3489 798 quam

1988 810 2232 875 Albino
2291 812 2577 895 primum
2630 812 2905 897 juratam
2969 815 3307 897 professus
3363 836 3486 896 est,

1992 929 2061 976 et
2118 914 2444 998 promissa
2501 915 2801 989 liberalia
2869 919 3131 984 nonnisi
3190 925 3532 1003 simulata⁸

1992 1012 2216 1092 fuere,
2283 1015 2462 1100 quod
2520 1016 2856 1082 hominem
2914 1021 3134 1089 valido
3191 1028 3493 1092 exercitu

1992 1118 2388 1182 instructum
2465 1118 2839 1199 metuebat,
2912 1138 3141 1207 postea
3202 1129 3296 1189 nil
3356 1130 3492 1194 tale

1994 1231 2397 1296 merentem,
2490 1219 2785 1300 insidiis,
2867 1239 3062 1310 atque
3144 1227 3255 1292 uhi
3328 1229 3495 1296 haec

1998 1321 2169 1383 male
2227 1339 2530 1395 cessere,
2592 1337 2820 1407 aperto
2864 1331 3078 1392 Marte
3145 1329 3490 1414 impetivit.

1999 1420 2403 1484 crudelitate
2484 1424 2609 1485 etsi
2668 1429 2934 1493 Nerone
3000 1447 3066 1495 et
3129 1433 3497 1499 Commodo

1995 1521 2313 1600 inferior,
2400 1546 2669 1610 gravem
2754 1543 2972 1593 tamen
3047 1534 3264 1596 labem
3344 1555 3506 1599 eon-

1996 1624 2196 1686 traxit
2237 1626 2448 1689 caesis
2493 1628 2742 1692 ordinis
2790 1635 3103 1697 senatorii
3147 1636 3306 1701 viris
3351 1657 3502 1723 gra·

1997 1725 2311 1804 vissimis,
2369 1750 2534 1814 quos
2579 1730 2647 1792 in
2692 1734 2914 1818 Nigri,
2977 1750 3045 1799 et
3088 1737 3315 1800 Albini
3356 1758 3502 1822 par·

2002 1825 2178 1890 tibus
2221 1822 2421 1907 vidit,
2485 1846 2597 1896 ant
2637 1834 2784 1897 esse
2825 1838 3120 1921 putavit,
3180 1852 3290 1902 aut
3333 1861 3524 1925 quos·

2002 1927 2402 1994 clandestina
2475 1934 2823 2001 adversum
2884 1956 2956 2000 se
3030 1941 3280 2026 agitare
3352 1960 3512 2023 con-0

2005 2029 2148 2093 silia
2223 2034 2591 2117 suspicatus
2661 2053 2781 2103 est.
2895 2044 2981 2104 At
3042 2042 3502 2128 gravissimum

2004 2132 2289 2228 imperio
2332 2136 2567 2200 vulnus
2628 2160 2752 2224 per
2793 2141 3003 2206 filium
3047 2165 3506 2211 successorem

2008 2233 2283 2313 inflixit,
2347 2257 2543 2322 quem
2605 2262 2739 2309 non
2798 2246 2993 2309 modo
3037 2261 3314 2332 propter
3367 2268 3505 2310 mo·

1942 2424 1947 2427 -
2005 2356 2155 2400 rum
2218 2338 2751 2425 improbitatem,
2812 2366 3006 2430 quam
3049 2350 3215 2434 reip.
3262 2368 3502 2435 magno

2009 2451 2319 2502 staturam
2396 2441 2527 2523 jam
2605 2444 2749 2529 ipse
2823 2450 3184 2531 praevidit,
3262 2452 3507 2514 tollere

1959 2558 1968 2568 ·
2009 2540 2192 2602 nulla
2223 2541 2466 2605 invidia
2501 2562 2540 2606 e
2569 2546 2789 2611 medio
2825 2558 3106 2632 poterat,
3154 2549 3272 2613 sed
3309 2552 3508 2615 etiam

2011 2642 2190 2726 qnod
2263 2645 2470 2706 semel
2531 2658 2728 2731 atque
2804 2648 3043 2716 iterum
3111 2652 3378 2716 insidias
3436 2651 3509 2715 in

2010 2757 2268 2828 patrem
2342 2748 2795 2831 composuisse
2867 2754 3082 2835 palam
3152 2769 3253 2816 est
3331 2775 3512 2818 com-

2011 2858 2264 2931 pertus.
2306 2848 2515 2915 Vetus
2549 2870 2738 2911 suum
2772 2867 3074 2919 extremo
3106 2856 3301 2918 etiam
3336 2855 3514 2919 vitae

2012 2962 2318 3033 tempore
2364 2949 2698 3027 retinens,
2762 2973 2838 3016 ac
2886 2968 3038 3017 cnm
3085 2957 3508 3042 gravissimos

2016 3050 2385 3113 articularis
2420 3050 2637 3113 morbi
2672 3052 2939 3118 dolores
2980 3059 3515 3141 persentisceret,

2018 3172 2167 3216 cum
2200 3151 2589 3216 seditionem
2640 3173 2986 3222 moverent
3021 3160 3307 3236 milites,
3365 3172 3516 3223 ante

2027 3253 2313 3317 tribunal
2368 3257 2730 3338 productos
2787 3258 2939 3322 duci
2996 3260 3221 3345 jussit,
3277 3280 3514 3327 severe

2023 3355 2410 3441 increpanst
2454 3364 2711 3420 tandem
2759 3367 3046 3441 sentitis,
3092 3376 3287 3443 caput
3329 3368 3521 3444 impe-

2024 3479 2202 3535 rare,
2247 3481 2376 3522 nou
2399 3463 2609 3538 podes.
2654 3461 2817 3546 Ejus
2854 3465 3111 3531 cineres
3141 3488 3177 3530 a
3206 3465 3365 3528 filiis
3387 3469 3520 3529 Ro·

2025 3580 2196 3623 mam
2230 3559 2433 3623 delati
2459 3559 2530 3621 in
2561 3560 2654 3626 Μ.
2691 3564 3005 3630 Antonini
3040 3570 3347 3653 sepulcro
3366 3589 3520 3633 con·

2025 3660 2149 3724 diti
2213 3658 2384 3724 sunt.
2472 3664 2906 3729 Memorabile
2976 3683 3238 3733 senatus
3302 3668 3386 3743 de
3440 3688 3524 3733 eo

2024 3760 2340 3845 judicium
2363 3807 2381 3841 ,
2444 3777 2558 3826 aut
2584 3766 2765 3829 nasci
2796 3766 2980 3832 illum
3025 3792 3157 3834 non
3191 3770 3520 3848 debuisse,

2028 3876 2140 3926 ant
2191 3884 2329 3926 non
2375 3865 2585 3940 mori,
2649 3867 2827 3950 qnod
2896 3885 3301 3953 postremum
3349 3885 3530 3957 opta·

2030 3960 2435 4027 verat'hand
2483 3964 2715 4044 dubie,
2762 3970 3067 4053 quonism
3111 3972 3345 4035 Severi
3381 3995 3528 4037 cru-

2035 4064 2305 4142 delitas,
2374 4079 2442 4130 et
2497 4067 2834 4151 ingenium
2909 4071 3319 4137 inexorabile
3374 4093 3528 4137 cum

2036 4168 2414 4231 Caracallae
2468 4167 2634 4232 feris
2698 4171 2991 4235 moribus
3053 4190 3526 4260 comparatum,

2035 4282 2109 4332 ut
2166 4283 2442 4334 eventus
2490 4270 2749 4351 docuit,
2824 4273 2976 4337 leve
3037 4296 3114 4338 ac
3179 4275 3529 4343 ferendum

2033 4371 2248 4437 videri
2278 4373 2513 4457 potuit.
2556 4374 2721 4459 Ejus
2756 4374 2955 4441 vitam
2988 4376 3315 4462 scripsere
3336 4380 3533 4465 Spar·

2032 4477 2270 4551 tianus,
2309 4476 2441 4539 Dio
2462 4521 2480 4553 ,
2524 4477 2944 4542 Herodianus
2974 4493 3240 4564 praeter
3268 4479 3532 4570 biogra-

2032 4576 2200 4662 phos
2231 4575 2522 4653 minores
2557 4580 2743 4644 alios.

2156 4680 2345 4752 onr
2389 4683 2446 4750 1.
2504 4685 2786 4764 Marna,
2855 4702 2939 4753 co
2999 4684 3213 4754 adhuc
3267 4686 3524 4773 privato
