4475 5584
1029 477 1178 557 :362

1021 659 1165 721 lum
1208 648 1562 719 contractis
1594 645 2019 716 Valerianum
2073 633 2366 733 purpura
2408 644 2524 709 do·

977 818 984 829 ,
1022 773 1270 822 natum.
1314 754 1531 817 Etiam
1574 751 1934 831 Eutropius
1978 752 2128 835 1³⁰³st
2167 753 2518 813 obscurum

928 924 938 931 ,
1024 864 1226 923 trium
1263 858 1586 921 mensium
1608 856 1956 938 imperium
1977 852 2367 916 exstinctum
2389 866 2527 913 tan-

1029 977 1173 1025 tum
1209 961 1404 1023 docet
1452 956 1630 1018 nulla
1682 953 1851 1017 facta
1894 953 2115 1016 caedis
2165 940 2523 1029 mentione,

1028 1064 1227 1148 eique
1258 1057 1535 1123 subinde
1570 1055 1916 1119 suffectum
1939 1056 2376 1119 Valerianum.
2421 1060 2525 1118 Ex

1029 1166 1270 1229 horum
1318 1179 1479 1244 ergo
1526 1170 1866 1221 auctorum
1925 1156 2058 1220 fide
2104 1158 2525 1221 Ti‘eboniano

931 1320 944 1325 -
1033 1264 1478 1336 Aemilianus,
1524 1260 1678 1321 huic
1697 1259 2088 1325 Valerianus
2121 1280 2525 1329 successere.

1154 1367 1336 1427 Inter
1359 1365 1522 1426 baec
1559 1362 1788 1444 ingens
1819 1361 2380 1445 chronologorum
2400 1363 2530 1425 dis·

1029 1468 1302 1543 sensus,
1365 1464 1533 1526 sitne
1596 1462 1773 1525 Galli
1831 1463 2064 1525 caedes
2123 1462 2383 1546 figenda
2443 1463 2522 1527 ad

1027 1588 1267 1633 annum
1328 1568 1410 1634 V.
1459 1567 1532 1630 C.
1588 1563 1768 1627 1006.
1829 1565 1903 1623 P.
1950 1566 2027 1625 X.
2079 1566 2239 1641 253,
2305 1588 2386 1628 an
2442 1564 2526 1628 ad

1026 1690 1270 1736 annum
1325 1687 1527 1747 1007,
1587 1669 1660 1728 P.
1704 1668 1790 1729 X.
1835 1667 1999 1742 254,
2065 1670 2169 1730 cui
2207 1667 2526 1752 praelusit

1027 1773 1175 1857 ipse
1211 1784 1508 1833 veterum
1545 1767 2054 1851 epitomatorum
2088 1768 2421 1832 dissensus
2457 1769 2525 1829 in

944 1899 948 1902 ’
1027 1869 1421 1936 definiendis
1500 1868 1764 1951 imperii
1843 1869 2245 1931 Treboniani
2321 1869 2525 1933 annia.

1023 1972 1178 2036 Nor.
1216 1986 1317 2036 est
1349 1970 1480 2032 mei
1513 1969 1836 2044 instituti,
1877 1983 1976 2031 tot
2011 1972 2222 2032 varias
2259 1985 2524 2034 nostrae

971 2082 976 2087 ’
1025 2073 1260 2136 aetatis
1281 2071 1875 2155 ‘chronologorum
1924 2073 2279 2134 sententias
2316 2073 2381 2133 in
2417 2094 2527 2135 ex·

933 2174 948 2187 “
1025 2194 1222 2237 amen
1255 2186 1536 2249 vocare,
1585 2172 1761 2256 quod
1793 2172 1919 2256 jam
1963 2172 2356 2257 praestitere
2389 2174 2528 2235 Til-

1027 2273 1426 2350 lemontius‚
1473 2286 1540 2336 et
1571 2275 2024 2337 Mazzolenus.
2069 2273 2338 2359 Alioqui
2372 2296 2529 2338 con-

1027 2374 1205 2440 fiteri
1239 2395 1513 2438 necesse
1538 2389 1710 2452 est„
1734 2375 2030 2442 eruditos
2060 2375 2183 2437 hos
2221 2377 2396 2440 viros
2433 2375 2528 2437 in-

1031 2497 1223 2539 anem
1258 2476 1403 2539 fere
1455 2478 1518 2539 in
1552 2491 1687 2541 tota
1732 2477 1855 2539 hac
1893 2477 2331 2561 disputatione
2371 2498 2526 2561 ope-

1026 2598 1169 2640 ram
1213 2578 1546 2662 posuisse,
1610 2580 1762 2641 dum
1822 2578 2102 2665 primum
2151 2600 2230 2641 ex
2279 2578 2528 2641 discor-

1031 2678 1226 2741 dibus
1269 2695 1569 2743 veterum
1608 2678 2062 2764 opinionibus,
2109 2703 2388 2764 quorum
2433 2695 2528 2745 te·

1031 2781 1337 2843 alimonia
1399 2782 1960 2867 quam,exiguam
2021 2799 2401 2846 mereantur
2455 2782 2525 2846 fi-

1029 2883 1224 2958 «lem,
1289 2882 1823 2966 ipsi'noverunt,
1904 2898 2224 2947 conantur
2276 2885 2527 2947 Trebo-

1027 2984 1204 3045 niani
1239 2988 1304 3045 e't
1355 2983 1699 3046 Aemiliani
1731 3004 1932 3047 :unos
1963 3005 2237 3063 eruere,
2285 2986 2524 3049 deinde

1015 3102 1180 3147 ‘cum
1235 3086 1468 3168 passim
1509 3084 1591 3147 ad
1637 3106 1870 3148 numos
1916 3100 2318 3170 provocant,
2360 3107 2525 3172 quos

1013 3188 1254 3250 'nostra
1305 3199 1516 3248 aetate
1577 3174 2122 3265 c'o'ndemnamus,
2199 3210 2314 3252 eos
2361 3208 2523 3251 vero

1029 3304 1335 3373 tanquam
1373 3287 1630 3370 spurios
1663 3273 2005 3372 rejiciunt}
2052 3311 2215 3372 quos
2247 3311 2390 3352 esse
2431 3291 2527 3350 le·

1032 3374 1298 3471 ⁸gitimos
1338 3388 1535 3449 hodie
1573 3389 1988 3471 agnoscimus
2022 3410 2273 3451 omnes.
2354 3388 2528 3485 Qua·

1023 3504 1107 3550 ‘ro
1143 3492 1269 3573 e'go
1308 3489 1372 3550 in
1409 3502 1794 3571 praesente,
1842 3504 1909 3551 et
1944 3504 2250 3574 quantum
2274 3490 2524 3564 licebit,

1032 3580 1373 3653 contracto
1425 3580 1724 3655 examine
1775 3591 2037 3653 nonnisi
2086 3591 2525 3655 monumentis

1034 3688 1317 3777 publicis
1376 3691 1725 3777 pugnabo,
1802 3714 2168 3779 quanquam
2230 3709 2298 3757 et
2360 3694 2523 3757 haec

1031 3792 1176 3877 ipsa
1229 3813 1358 3856 non
1409 3814 1561 3859 raro
1608 3813 1756 3856 eum
1806 3794 1875 3858 in
1927 3795 2192 3858 modum
2245 3792 2369 3857 sibi
2420 3795 2530 3856 ad·

1035 3907 1423 3971 versentur,
1473 3906 1544 3956 ut
1575 3890 1848 3959 difficile
1868 3896 1988 3974 sit,
2036 3918 2118 3959 ex
2137 3896 2239 3959 his
2277 3896 2528 3985 laqueis

1037 3997 1343 4059 evadere.

1167 4099 1257 4175 li,
1302 4098 1415 4183 qui
1446 4118 1679 4161 necem
1718 4099 2120 4163 Treboniani
2155 4100 2241 4164 ad
2287 4121 2527 4164 annum

1032 4198 1116 4276 V.
1156 4200 1227 4263 C.
1275 4197 1431 4264 1006
1479 4198 1812 4278 referunt,
1869 4216 2171 4287 tanquam
2212 4202 2528 4267 invictum

1035 4292 1496 4385 argumentum
1562 4301 1878 4384 objiciunt
1933 4302 2168 4379 fastos,
2230 4324 2325 4366 ex·
2373 4324 2530 4387 quo-

1036 4424 1182 4463 rum
1245 4402 1534 4465 unanimi
1589 4422 1909 4465 consensu
1982 4406 2314 4487 sequentis
2375 4404 2527 4467 anni

1044 4524 1200 4585 ¹⁰07
1265 4504 1572 4569 consules
1631 4519 2078 4571 memorantur
2121 4507 2526 4574 ·Valerianus

941 4650 952 4655 -
1034 4605 1308 4689 ejusque
1341 4602 1518 4667 filius
1555 4606 1915 4671 Gallienus.
2002 4608 2134 4669 Pro
2177 4622 2398 4670 vetere
2429 4609 2529 4668 in-

1031 4717 1302 4780 stituto,
1349 4720 1415 4768 et
1452 4708 1789 4790 complura
1821 4707 2118 4789 priorum
2176 4707 2528 4791 imperato-

2139 440 3031 538 *TREBONIAN'vs

2633 667 2783 712 rum
2828 646 3130 733 exempla
3189 646 3275 723 ii,
3335 645 3451 734 qui
3510 645 3861 733 imperium
3905 644 4123 734 adept‘

2638 766 2787 815 sunt
2808 797 2827 828 ,
2874 753 3067 815 etiam
3111 750 3179 811 iu
3211 763 3593 835 sequentem
3628 770 3866 813 annum
3895 770 4133 814 eonsu-

2637 855 2738 916 les
2774 852 3097 938 designati
3130 852 3343 916 fuere.
3391 856 3578 938 Ergo
3613 852 3978 917 verisimile
4007 867 4129 931 est,

2629 946 3130 1018 ''l'rebonianum
3178 953 3307 1036 jam
3357 976 3528 1018 anno
3581 955 3741 1018 ⁸006
3796 967 4127 1024 mortuum

2639 1056 2865 1120 fuisse.
2952 1059 3184 1141 Neque
3239 1055 3372 1121 diei
3408 1040 3662 1140 potest,
3701 1055 4126 1123 Valerianum

2640 1181 2677 1221 a
2728 1157 3149 1223 Treboniano
3205 1159 3498 1242 potuisse
3576 1155 3659 1221 ad
3716 1156 4126 1234 consulatum

2640 1259 2874 1334 evehi3
2917 1282 3065 1321 nam
3099 1256 3432 1323 etsiistud
3460 1260 3690 1321 demus
3723 1257 3805 1320 de
3835 1255 4131 1325 Valeria·

2639 1380 2764 1436 no,
2806 1374 3025 1423 tamen
3071 1380 3206 1423 non
3258 1356 3340 1422 de
3392 1358 3534 1424 filio
3574 1359 3919 1434 Gallieno,
3979 1374 4128 1419 cum

2641 1481 2969 1546 nunquam
3025 1474 3213 1546 pater
3252 1460 3547 1546 privatus
3600 1483 3751 1527 cum
3810 1458 3954 1522 filio
4002 1478 4128 1523 una

2641 1577 2816 1626 esset
2848 1564 3110 1639 consul,
3157 1576 3224 1628 et
3252 1561 3590 1629 Gallienus
3617 1565 3759 1651 ipse
3774 1560 3998 1646 junior
4030 1579 4131 1623 es·

2642 1677 2781 1742 set,
2825 1687 3019 1751 quam
3054 1680 3126 1729 ut
3170 1679 3351 1729 tanto
3388 1666 3642 1730 honore
3682 1664 4008 1752 potuisset
4036 1660 4129 1726 di·

2642 1787 2810 1851 gnus
2847 1766 3097 1831 haberi.

2767 1866 3247 1951 Argumentum
3291 1869 3613 1946 alterum,
3656 1866 3957 1955 illudque
3996 1885 4131 1931 non

2640 1990 2870 2053 parum
2922 1970 3207 2033 validum
3255 1969 3455 2035 offert
3498 1968 3752 2054 epocha
3798 1970 4135 2056 Aegeaeo·

2640 2091 2790 2133 rum
2850 2071 3141 2137 Ciliciae.
3227 2072 3487 2136 Recitat
3517 2071 3912 2140 Vaillantius
3965 2072 4131 2137 duos

2638 2171 2991 2234 Aemiliani
3031 2193 3270 2235 numos
3329 2174 3399 2237 in
3443 2173 3577 2239 hac.
3609 2173 3776 2237 urbe
3833 2172 4130 2257 signato»

2641 2293 2793 2337 cum
2834 2292 3004 2336 anno
3041 2268 3255 2350 ΘἾΟ,
3301 2276 3484 2359 (sqq)
3532 2276 3768 2362 quibus
3815 2273 3970 2337 addi
4010 2294 4128 2359 po·

2641 2386 2772 2436 test
2805 2374 2969 2435 alius
2996 2377 3342 2442 Corneliae
3375 2378 3667 2462 Superae
3704 2398 3853 2442 cum
3894 2374 4131 2440 eodem

2640 2496 2831 2541 anno.
2918 2479 3100 2540 quta
3141 2477 3468 2542 calculum
3515 2496 3708 2543 aerae
3758 2478 3828 2540 in
3872 2477 3999 2543 hac
4026 2499 4133 2542 ur-

2640 2577 2726 2639 be
2784 2592 3132 2662 receptae,
3192 2600 3388 2664 quem
3449 2579 3606 2643 alibi
3664 2578 4128 2656 demonstravi,

2640 2701 2876 2755 numus
2920 2679 3027 2743 hic
3073 2679 3363 2765 signatus
3407 2695 3506 2749 est
3549 2682 3631 2746 ab
3690 2674 4004 2745 autumno
4045 2683 4127 2749 V·

2644 2783 2715 2843 C.
2766 2783 2923 2843 1005
2962 2803 3163 2865 usque
3203 2782 3283 2845 ad
3330 2799 3717 2871 autumnum,
3755 2785 3937 2846 1006.
4010 2784 4131 2855 Et·

2642 2903 2728 2966 go
2783 2883 2838 2944 si
2887 2883 3325 2963 Aemilianus,
3391 2885 3504 2970 qui
3547 2886 3740 2949 Gallo
3787 2884 4126 2961 successit,

2641 2983 2897 3066 agnitus
2948 2983 3253 3067 jam-suit
3307 2989 3667 3071 imperator
3724 3006 3893 3050 anno
3951 2985 4129 3062 zoob,

2639 3085 2868 3173 nequit
2927 3085 3102 3148 Galli
3159 3085 3508 3172 imperium
3573 3086 3840 3152 extendi
3898 3086 3966 3150 in
4026 3107 4133 3151 an·

2634 3207 2792 3247 num
2848 3206 3027 3268 ¹007·

2768 3292 3249 3371 Argumentum
3285 3291 3550 3353 tertium
3569 3288 3925 3354 'sufficiunt
3948 3288 4132 3353 numi

2639 3389 3010 3457 Viminacii·
3053 3365 3309 3452 Hor'um
3351 3394 3484 3468 illi,
3530 3392 3641 3476 qui
3690 3413 3926 3454 annum
3956 3392 4130 3454 xlv.

2641 3490 3027 3572 inscriptum
3090 3492 3366 3568 habent,
3440 3494 3677 3555 sistunt
3748 3507 3942 3576 caput
3999 3514 4129 3557 non

2644 3590 3046 3655 Treboniani
3081 3595 3319 3669 modo,
3364 3594 3477 3656 sed
3523 3607 3588 3655 et
3631 3594 4020 3668 Aemiliani,
4067 3608 4135 3657 et

2639 3691 2998 3763 Valeriani.
3084 3697 3310 3761 Annus
3351 3694 3525 3779 xlv.
3552 3695 4131 3762 Viminaciensium

2645 3795 2853 3860 currit
2910 3819 3059 3861 cum
3120 3818 3291 3861 anno
3332 3798 3414 3865 V.
3462 3798 3535 3865 C.
3589 3795 3785 3871 1006,
3849 3811 3922 3860 ut
3980 3782 4133 3862 loeo

2645 3919 2763 3960 suo
2795 3897 3010 3961 docui.
3052 3902 3156 3962 Ex
3196 3919 3326 3983 quo
3366 3913 3585 3983 patet,
3633 3900 3860 3963 saltem
3895 3919 4135 3962 exeun-

2641 4013 2708 4060 te
2741 3999 2868 4063 hoc
2890 4021 3059 4062 anno
3090 3984 3438 4083 imperium
3470 3999 3596 4082 jam
3627 3999 3988 4065 obtinuisse
4005 4002 4130 4069 Va·

2641 4100 2985 4163 lerianum.

2676 4245 2681 4249 ·
2769 4201 2970 4264 Aliud
3002 4201 3196 4264 etiam
3232 4202 3589 4267 subsidium
3634 4202 3827 4288 hujus
3876 4218 4134 4266 senten·

2643 4303 2774 4366 tiae
2830 4306 3091 4387 patroni
3152 4304 3275 4366 sibi
3332 4306 3718 4391 quaesivere
3779 4325 3862 4367 ex
3919 4306 4129 4367 numis

2642 4403 2962 4480 Gallieni,
2992 4406 3352 4470 secundum
3380 4428 3544 4492 quos
3575 4406 3944 4469 tribunatus
3973 4426 4130 4467 nun-

2641 4529 2836 4593 quam
2899 4507 3031 4569 suis
3093 4509 3539 4572 consulatibus
3618 4506 4126 4592 respondebunt,

2637 4609 2769 4673 nisi
2821 4608 2902 4672 ab
2968 4608 3095 4674 hoc
3159 4632 3327 4672 anno
3374 4609 3513 4691 ejus
3576 4609 3728 4671 trib.
3774 4621 4123 4692 potestates

2641 4712 3027 4774 numerandi
3080 4710 3337 4775 initium
3360 4709 3512 4773 Aiat.
3601 4717 3684 4786 At
3716 4709 3918 4773 fallax
3955 4705 4124 4770 istud
