4475 5584
872 4750 883 4761 ,
975 4693 1154 4752 Macr.
1194 4712 1244 4751 c.
1282 4706 1373 4757 lo.

1016 481 1159 558 242

1004 661 1175 722 tate,
1224 661 1293 711 ut
1328 641 1723 711 claritudine
1757 660 1871 704 sua
1907 637 2252 703 oculorum
2285 634 2495 703 aciem

1001 747 1434 822 obtunderet,
1495 764 1583 815 ne
1618 743 1687 807 in
1729 739 2114 807 Caesaribus
2142 749 2496 826 appareant

1001 840 1451 912 obscurissimi
1487 843 1786 931 generis,
1833 860 2255 928 morumque,
2299 854 2368 905 et
2396 840 2496 902 ul·

998 949 1198 1011 timae
1252 946 1554 1010 infamiae
1595 941 1863 1008 sordes!
1924 941 2262 1026 Principio
2295 936 2495 1002 artifi-

998 1050 1175 1111 cium
1210 1067 1248 1110 e
1284 1061 1439 1111 voto
1469 1047 1688 1110 cessit.
1748 1045 1913 1106 Nam
1944 1042 2288 1128 proposito
2316 1060 2490 1105 novo

946 1156 952 1168 ¹
998 1148 1134 1229 hoc
1182 1146 1512 1212 Antonino
1564 1143 1950 1208 adclamavit
2002 1141 2231 1225 miles:
2288 1147 2494 1205 Anto·-

999 1255 1225 1316 m‘mam
1272 1252 1609 1322 habemus,
1669 1249 1887 1308 omnia
1935 1246 2235 1306 habemus
2279 1254 2378 1305 etc
2408 1243 2486 1320 ⁸).

988 1350 1079 1416 'At
1115 1369 1245 1412 non
1264 1349 1475 1410 multo
1497 1359 1644 1431 post
1680 1345 1850 1407 male
1872 1341 2285 1406 materiatum
2312 1342 2485 1405 hunc

875 1435 881 1442 ’
994 1451 1396 1514 Antoninum
1429 1447 1599 1509 alter
1629 1445 1862 1517 similis
1920 1441 2257 1527 compagis
2286 1443 2493 1508 Anto-

992 1551 1185 1614 ninus
1233 1561 1514 1614 evertet.
2387 1612 2392 1615 .

1119 1653 1190 1713 1n
1226 1668 1424 1711 numo
1457 1652 1786 1732 Aegarum
1824 1641 2095 1708 Ciliciae
2128 1641 2300 1727 apud
2314 1645 2488 1725 flay-

986 1750 1186 1813 mium
1229 1749 1339 1813 hic
1373 1751 1612 1813 Caesar
1662 1746 1807 1811 solo
1852 1747 2174 1809 Antonini
2218 1744 2482 1811 nomine

986 1851 1343 1916 indicatur,

1362 2068 1822 2135 Nobilissimm
1864 2066 2117 2128 Caesar.
2218 2098 2227 2103 -

1110 2253 1445 2316 Hactenus
1494 2248 1604 2313 hic
1650 2247 1877 2312 titulus
1929 2268 1965 2311 a
2015 2257 2277 2310 moneta
2327 2263 2485 2331 qua·

985 2360 1244 2440 cunque
1290 2349 1605 2426 extorris,
1679 2349 1805 2412 etsi
1851 2348 2041 2411 illum
2086 2346 2215 2430 jam
2272 2349 2478 2411 Getae

984 2454 1277 2519 tribuant
1312 2470 1674 2525 marmora,
1733 2462 1805 2513 ut
1853 2446 2154 2513 vidimus.
2215 2446 2478 2512 Primus

984 2557 1052 2617 in
1092 2553 1346 2627 numm,
1391 2551 1508 2615 sed
1535 2550 1872 2629 commatis
1902 2549 2278 2633 peregrini,
2323 2550 2481 2613 Dia·

884 2670 889 2678 ·
986 2654 1413 2717 dumenianus
1433 2653 1526 2717 sic
1544 2651 1931 2737 appellatur,
1978 2670 2257 2734 quorum
2274 2672 2474 2713 unum

983 2752 1355 2818 Laodiceae
1400 2752 1700 2818 coloniae
1745 2749 1950 2812 edidit
1981 2751 2340 2839 Belleyus2
2379 2750 2481 2812 in‘·

982 2856 1338 2941 scriptum:
1378 2853 1586 2918 NOB.
1622 2852 1863 2915 CAES.
1892 2850 1982 2931 b).
2044 2850 2234 2914 Addo
2270 2852 2470 2914 alium

984 2950 1286 3020 coloniae
1342 2953 1701 3016 Caesareae
1757 2950 2184 3015 Samaritidos
2242 2971 2471 3015 museo

981 3057 1305 3119 Caesareo
1346 3075 1558 3139 nuper
1616 3054 1905 3123 illatum,
1962 3050 2183 3113 addito
2231 3051 2354 3114 sub
2399 3051 2471 3115 fl·
2511 3038 2514 3047 ¹

980 3173 1174 3217 nemz
1241 3156 1321 3216 N.
1358 3155 1487 3216 CA.
1553 3151 1798 3217 Procul
1858 3149 2058 3213 dubio
2105 3149 2219 3235 qui
2275 3157 2470 3217 Anto-

979 3255 1202 3328 ninus,
1247 3252 1422 3315 idem
1457 3264 1525 3315 et
1553 3251 2019 3319 nobilissimus.
2063 3251 2301 3314 Graeci
2339 3257 2478 3316 No·

980 3357 1365 3419 biliuimum
1399 3354 1748 3417 Caesarem
1780 3365 2126 3416 verterunt
2172 3352 2478 3430 Επιφανε-

990 3469 1218 3514 στατου
1257 3453 1588 3530 Kaesonem,
1663 3465 1737 3516 ut
1778 3450 1916 3518 dixi
1966 3453 2035 3518 in
2076 3452 2292 3517 munis
2340 3455 2474 3519 An-

981 3552 1185 3619 tiochi
1216 3553 1329 3621 lv.
1361 3553 1591 3639 Syriae
1619 3552 1822 3640 regis.

1472 3778 1962 3861 ,Augustum

1104 3958 1418 4024 Pluribus
1433 3959 1604 4025 iocis
1616 3955 2202 4023 Diadumenianun‘t
2221 3959 2464 4025 diserte

978 4051 1419 4143 insperatos-em
1449 4061 1736 4146 appellat
1769 4063 1901 4131 Dio
1932 4065 2013 4142 c).
2085 4062 2264 4128 Alibi
2309 4076 2473 4127 tem·

975 4162 1102 4252 pus
1141 4161 1445 4228 distincte
1476 4163 1695 4240 docet,
1735 4161 2045 4228 nimirum
2072 4179 2311 4251 coepto
2340 4166 2470 4250 jam

977 4263 1734 4350 adversusElagabalum
1755 4265 1961 4342 bello,
2006 4282 2156 4331 cum
2191 4265 2470 4334 adhunc

1047 4514 1112 4584 a)
1148 4509 1456 4589 Lamprid.
1498 4511 1562 4569 in
1596 4512 1770 4571 Diad.
1812 4533 1864 4571 c.
1904 4527 1954 4573 ι.

975 4601 1047 4670 d)
1084 4600 1245 4663 lbid.
1283 4622 1338 4663 c.
1361 4609 1453 4666 34.
1635 4605 1698 4674 c)
1738 4604 1885 4681 Cap.
1920 4612 1975 4665 8.

1517 4689 1569 4767 i)
1607 4692 1760 4753 Mus.
1790 4692 2011 4755 Veron.
2047 4709 2114 4775 p.
2150 4702 2276 4760 241.

2096 4515 2173 4588 b)
2212 4517 2386 4575 Mem.
2424 4516 2495 4576 B.
2532 4517 2597 4575 L.
2634 4518 2805 4577 Tem.
2845 4514 3062 4576 xxm„

2155 4608 2209 4678 f)
2249 4606 2387 4665 Mel.
2425 4604 2468 4666 Ῑ.
2512 4626 2569 4688 p.
2607 4621 2730 4672 too.

1954 414 1963 419 ’
2038 452 3093 534 DIADVMENIANVS.

2607 638 3135 726 persequendum
3167 636 3522 724 Apameam
3565 659 3959 725 progressus
4002 662 4101 708 es·

2614 755 2715 806 set
2769 742 3134 818 Macrinus,
3209 738 3458 818 filium,
3510 728 3639 804 'etsi
3676 743 3936 806 nonnisi
3989 742 4108 809 de—

2604 842 2853 906 cimum
2894 862 3132 906 annum
3162 854 3410 929 ageret,
3454 842 3919 926 imperatorem
3953 863 4104 909 esse

2606 942 3059 1007 renunciatum
3090 939 3177 1027 d).
3238 940 3414 1038 Quin
3461 956 3531 1007 et
3572 942 3642 1005 in
3694 961 3807 1006 sua
3855 944 3934 1006 ad
3988 968 4104 1030 pa·

2604 1055 2776 1106 trem
2841 1043 3150 1129 epistola,
3237 1064 3431 1130 quam
3499 1041 3735 1107 recitat
3789 1044 4092 1130 Lampri-

2604 1141 2750 1207 dius
2783 1144 2879 1225 Β),
2962 1144 3259 1231 scripsit:
3335 1147 3522 1208 Patri
3569 1142 3863 1227 Auyuaeto
3914 1150 4096 1228 filim

2599 1249 2957 1328 anquam.
3058 1249 3401 1309 Honorem
3476 1245 3651 1311 hunc
3723 1245 3908 1308 numi
3966 1261 4103 1309 non

2600 1352 2814 1436 pauci,
2862 1334 2981 1415 sed
3024 1348 3368 1438 commatis
3399 1340 3759 1431 peregrinig
3804 1366 3880 1409 ac
3913 1366 4103 1431 prae·

2597 1451 2789 1536 cipue
2819 1451 3335 1527 Antiochenses,
3390 1459 3461 1509 et
3506 1445 3779 1532 insignis
3823 1445 4092 1530 Thyati-

2593 1572 2795 1616 renus
2858 1553 3031 1637 apud
3083 1549 3515 1616 Pellerinium
3557 1544 3608 1630 t)
3683 1547 4092 1624 confirmant,

2595 1651 2665 1715 in
2689 1651 2953 1737 quibus?
2981 1650 3225 1717 dicitur
3253 1643 3470 1710 ATT.
3505 1648 3591 1715 K.
3635 1647 3858 1713 addito
3894 1650 4094 1715 etiam

2594 1772 3056 1838 nonnunquam
3118 1748 3308 1818 (ΖΕΒ.
3385 1764 3453 1817 et
3521 1770 3769 1812 corona
3841 1749 4132 1824 laurea‚.

2597 1872 2762 1937 quos
2795 1853 3026 1920 videre
3057 1866 3158 1917 est
3194 1849 3366 1936 apud
3401 1849 3869 1925 Pellerininm,
3911 1850 4099 1919 Vail-

2592 1953 2867 2017 lantium
2919 1953 2988 2015 in
3038 1951 3373 2029 Coloniis,
3428 1964 3497 2013 et
3538 1949 3608 2012 in
3655 1968 3887 2011 museo
3925 1950 4088 2011 Cae·

2591 2073 2803 2119 careo.
2846 2053 3127 2119 Romani
3167 2049 3507 2117 commatis
3545 2068 3692 2114 cum
3723 2047 3917 2111 titulo
3951 2053 4086 2112 Au-

2593 2153 2770 2238 gusti
2797 2154 3016 2219 nullus
3049 2165 3294 2229 exstat3
3339 2150 3565 2226 credo,
3612 2146 3918 2232 'serpente
3951 2149 4080 2214 iam

2593 2253 2770 2317 inter
2815 2268 3167 2342 utrumque
3214 2252 3543 2316 aemulum
3589 2248 3812 2326 bello,
3875 2263 3941 2311 et
3988 2251 4087 2315 in·

2594 2368 2779 2420 certo
2791 2355 2973 2421 exitu
3004 2355 3275 2419 differre
3296 2349 3924 2416 senatusconsultum
3947 2352 4091 2435 pla-

2591 2455 2764 2532 cuit,
2826 2477 2958 2541 quo
3015 2458 3257 2521 collata
3306 2454 3470 2519 haee
3529 2460 3583 2513 a‘
3610 2450 3904 2513 Macrino
3950 2452 4089 2534 dig-

2587 2555 2755 2619 nitas
2783 2554 3303 2632 confirmaretur,
3347 2564 3421 2615 ut
3461 2563 3597 2612 tum
3642 2549 3844 2613 moris
3877 2548 4082 2615 fuisso

2586 2654 2932 2719 manifeste
2964 2656 3303 2741 colligitur
3326 2674 3407 2717 ex
3443 2651 3661 2717 Dione
3695 2651 3780 2729 g).
3839 2650 4080 2712 Paullo

2588 2770 2739 2840 post
2803 2757 2983 2821 wicta
3038 2769 3319 2843 utroque
3384 2774 3459 2818 ac
3518 2771 3714 2817 caeso
3777 2767 4079 2836 exempta

2537 2938 2554 2948 -
2583 2855 2948 2920 haesitatio.
3000 2859 3213 2944 Atque
3242 2857 3407 2919 haec
3450 2875 3575 2916 una
3621 2872 3813 2919 causa
3848 2854 4075 2931 fuerit,

2584 2976 2708 3023 cur
2764 2956 2845 3022 ab
2895 2957 3056 3040 ipsis
3117 2958 3453 3025 veteribus
3530 2954 3924 3039 disputatum
3967 2955 4080 3033 {sit

2584 3055 2872 3147 fueritne
2921 3058 3477 3122 Diadumenianus
3525 3077 3812 3142 unquam
3854 3058 4078 3142 Augu-

2585 3171 2723 3220 stus
2748 3156 2983 3235 dictus,
3029 3170 3194 3244 quos
3219 3160 3393 3222 inter
3428 3158 3522 3221 sic
3542 3156 3946 3240 Capitolinus
3973 3152 4078 3238 ηε

2587 3260 2937 3324 Sciendum
2961 3271 3303 3349 praeterea
3321 3304 3341 3336 ‚
3398 3263 3576 3346 quod
3608 3262 3842 3323 Caesar
3863 3262 4084 3341 fuisse

2582 3361 2841 3423 dicatur
2855 3401 2874 3436 ,
2917 3381 3047 3423 mm
3078 3364 3407 3442 Augustus
3433 3365 3866 3424 Diadumenus
3896 3379 4084 3443 pua,

2582 3464 2767 3543 quem
2795 3463 3089 3546 plerique
3124 3465 3281 3545 paru·
3298 3465 3524 3545 suine
3561 3482 3704 3523 cum
3732 3473 3923 3544 patro
3967 3465 4087 3525 im·

2574 3563 2760 3641 perio
2796 3565 3136 3626 tradidere.
3182 3563 3450 3626 Constat
3479 3562 3821 3637 nimirum,
3865 3562 4083 3625 adcla-

2581 3675 2829 3725 matum
2874 3682 3025 3726 eum
3067 3652 3273 3728 fuisse
3310 3684 3347 3726 a
3395 3676 3581 3745 patre
3613 3674 3680 3724 et
3735 3661 4075 3735 militibus,

2583 3758 2707 3824 sed
2735 3760 3037 3826 nondum
3092 3763 3373 3827 accessit
3421 3763 3743 3826 sententia
3787 3776 4072 3847 patrum,
4165 3756 4178 3769 “

2583 3882 2662 3927 ac
2689 3852 3043 3947 §raptet-ea
3063 3863 3525 3953 tergiversatus
3556 3856 3927 3946 pror-incias
3945 3863 4080 3928 Oc·-

2585 3962 2945 4028 cit‘lentales
2973 3963 3392 4046 Augusteum
3441 3964 3703 4027 titulum
3743 3963 4075 4027 distulisse

2585 4063 2908 4147 suspicor.
2979 4063 3423 4150 Exstatapud
3475 4084 3597 4127 nos
3643 4062 4100 4137 vindobonae,

2583 4163 2810 4227 nobile
2843 4184 3134 4228 marmor
3158 4163 3294 4249 jam
3335 4187 3372 4229 a
3400 4165 3777 4231 marchione
3804 4164 4071 4231 Maffeio

2584 4266 2922 4351 vulgatum
2965 4261 3056 4347 ³)=

3195 4521 3256 4589 c)
3293 4515 3359 4574 L.
3398 4515 3723 4577 LXXVIII.
3762 4520 3936 4594 9337.
3968 4527 4069 4583 38.

2915 4610 2982 4688 g)
3021 4605 3085 4665 L.
3125 4604 3389 4670 Lxxsx.
3432 4612 3483 4686 §.
3512 4620 3565 4672 2.
3598 4618 3657 4666 et
3685 4620 3738 4678 8.
3900 4607 3971 4682 h>
4011 4609 4073 4667 in
