4475 5584
953 434 1246 572 ,ῑςιςσ

999 536 1170 682 {et
1212 613 1391 700 qnod
1431 611 1889 700 consequitur,
1949 610 2306 694 ingruente
2348 585 2587 675 eodem

1055 717 1204 782 die
1244 717 1546 800 coepisse
1584 735 1823 777 annum
1862 712 2205 778 Aureliani
2229 713 2331 789 B,
2375 725 2444 776 et
2481 733 2590 776 an·

1072 841 1252 904 ‚num
1299 839 1451 882 cum
1492 805 1870 892 Vabalat‘bi‚
1934 829 2073 877 tum
2125 813 2462 878 Zenobiae
2509 811 2586 880 C.

1015 907 1449 995 jpTPraeterea,
1486 915 1790 1002 quoniam
1839 915 2265 981 indubitatum
2302 916 2586 993 videtur,

1077 1020 1449 1086 Zenobiam
1482 1031 1549 1082 et
1568 1018 1997 1086 Vabalatbum
2020 1037 2174 1096 suos
2206 1019 2346 1084 sive
2367 1018 2583 1101 regni,

1090 1123 1230 1188 sive
1253 1120 1518 1207 imperii
1546 1140 1749 1183 annos
1785 1141 1823 1182 a
1851 1134 2064 1183 morte
2087 1118 2422 1184 Odenatbi
2457 1141 2588 1182 ma-

1033 1221 1203 1288 riti
1241 1222 1579 1309 patrisque
1631 1234 2081 1305 computasse,
2125 1221 2268 1304 ejus
2324 1221 2584 1298 caedes,

1013 1351 1019 1356 ·
1055 1324 1486 1410 illorumque
1513 1321 1841 1404 regnandi
1881 1321 2171 1401 initium,
2214 1344 2334 1386 seu
2380 1343 2585 1386 annus

1085 1426 1148 1488 A
1180 1423 1483 1511 figendus
1504 1422 1660 1486 inde
1689 1446 1726 1487 a
1762 1421 1870 1485 die
1901 1425 2142 1487 XXIX.
2175 1415 2459 1508 Augusti
2501 1424 2584 1491 V
2622 1451 2629 1456 ·

1082 1526 1157 1590 C.
1205 1545 1363 1609 noio
1394 1527 1478 1588 P.
1499 1527 1585 1587 X.
1618 1522 1744 1587 266
1770 1545 1978 1609 usque
2010 1525 2094 1590 ad
2126 1544 2586 1614 recurrentem

1082 1628 1367 1692 eundem
1401 1627 1576 1690 diem
1612 1627 1766 1690 anni
1804 1626 2162 1712 sequentis.

1205 1729 1412 1793 Aliud
1438 1728 1635 1793 etiam
1671 1727 1750 1791 ad
1770 1729 2106 1795 historiam
2140 1742 2583 1814 opportunum

1083 1829 1327 1897 docent
1366 1831 1438 1891 bi
1477 1831 1682 1896 numi.
1725 1821 1963 1895 Narrat
1993 1832 2330 1908 Zosimus,
2374 1831 2589 1895 Zeno-

1082 1933 1259 1998 biam
1304 1933 1672 2021 imperante
1723 1930 2037 2009 Claudio,
2095 1946 2166 1995 et
2209 1931 2587 2010 turbisto·

1043 2059 1046 2060 ⁷
1084 2035 1280 2100 thicis
1324 2035 1611 2101 distento
1653 2033 1883 2099 hostili
1946 2033 2165 2098 auimo
2208 2035 2586 2119 Aegyptum

971 2129 976 2138 ’
1088 2139 1486 2221 ingressam,
1551 2129 1828 2221 eamque
1886 2148 2040 2222 post
2100 2135 2311 2202 varias
2356 2139 2587 2200 Martis

1082 2239 1266 2306 vices
1301 2238 1427 2301 sibi
1461 2237 1847 2322 subjecisse.
1908 2236 2330 2301 Contrarium
2369 2239 2587 2323 potius

1087 2339 1331 2405 docent
1378 2342 1599 2421 numi3
1642 2362 1794 2404 nam
1852 2358 1987 2402 non
2038 2338 2238 2404 modo
2275 2341 2446 2402 nulli
2489 2360 2601 2403 ex·

2419 425 2881 502 FIRMVS.

2690 628 2819 695 *pra
2873 606 3046 686 dixi,
3124 579 3418 672 omnium
3492 623 3810 669 annornm
3875 604 4193 671 habemus

2701 708 2960 794 Claudii
2999 727 3231 774 numos
3278 709 3348 771 in
3386 707 3691 794 Aegypto
3723 707 4051 792 signatos3
4107 727 4194 772 ex

2701 831 2832 896 quo
2867 824 3081 897 patet,
3125 831 3278 876 enm
3311 808 3404 872 ibi
3431 821 3810 874 constanter
3844 809 4198 896 imperato-

2697 933 2844 976 rem
2879 912 3083 978 fuisse
3118 911 3431 998 agnitum.
3519 911 3742 1003 Quare
3788 913 3847 977 si
3902 933 4058 979 vera
4094 928 4197 978 est
4230 995 4239 1000 ι

2697 1015 2949 1078 Zosimi
2986 1016 3279 1092 'oratio‚
3356 1012 3751 1094 dicendum,
3831 1014 4192 1080 Zenobiam

2699 1116 3057 1200 subjectam
3092 1117 3217 1181 sibi
3234 1117 3603 1202 Aegyptum
3643 1118 3972 1201 principio
4008 1119 4197 1183 Clau-

2698 1218 2793 1281 dii
2846 1218 3114 1282 nomine
3172 1217 3695 1308 administrasse,
3758 1223 3892 1285 boe
3951 1220 4237 1287 deinde*-

2697 1334 2960 1386 mortuo
3007 1321 3157 1406 plus
3203 1333 3699 1406 ausam,·atque
3747 1320 3959 1394 filium
3988 1324 4197 1391 Vaba-

2699 1423 2948 1487 lathum
3010 1422 3312 1508 collegae
3375 1423 3576 1488 modo
3640 1419 3788 1487 oiim
3834 1426 4196 1490 Aureliano

2673 1525 2765 1587 ‘in
2813 1537 3078 1589 moneta
3141 1525 3593 1610 conjunxisse,
3654 1527 3749 1591 sic
3805 1539 4067 1606 tamen,
4125 1541 4197 1591 ut

2700 1629 2899 1693 etiam
2956 1641 3096 1690 tum
3148 1648 3282 1690 non
3328 1626 3719 1713 prohiberet
3774 1628 3842 1690 in
3888 1632 4192 1716 Aegypto

2697 1750 2933 1796 numos
2980 1751 3127 1795 cum
3167 1730 3311 1792 solo
3348 1730 3692 1794 Aureliani
3736 1732 3954 1818 eapite
3989 1733 4197 1815 sigua·

2697 1852 2810 1911 re,
2853 1845 2926 1896 ut
2958 1844 3141 1916 patet
3189 1852 3273 1895 ex
3312 1832 3508 1916 hujus
3557 1833 3776 1896 numia
3815 1853 3970 1898 cum
4016 1839 4194 1900 annis

2702 1936 2784 1998 A.
2816 1933 2893 1997 Β.
2923 1931 3005 1999 Γ.
3039 1932 3119 1999 Δ.
3760 1951 3773 1957 ·

2825 2037 2927 2098 En
2971 2034 3219 2101 finitam
3263 2037 3607 2102 molestam
3660 2034 4187 2119 disputationem,

2701 2155 2869 2220 quae
2908 2137 2975 2199 iu
3030 2137 3456 2203 enucleandis
3505 2137 3703 2202 variis
3736 2126 4046 2204 monetae
4093 2142 4199 2203 bu-

2698 2240 2802 2324 jus
2837 2236 3268 2324 Palmyrenae
3312 2239 3523 2304 causis
3578 2253 3920 2321 versatur,
3964 2241 4196 2327 cuique

2713 2343 3199 2429 qualescunque
3261 2343 3553 2408 virorum
3622 2345 4203 2426 praestantissimo-

1094 2456 1265 2506 stant
1313 2441 1662 2509 Vabalathi
1729 2455 1797 2506 et
1844 2440 2176 2504 Zenobiae
2222 2438 2405 2502 numi
2448 2460 2595 2503 cum
2712 2465 2858 2508 rum
2892 2449 3161 2520 conatus
3184 2445 3477 2509 noudum
3512 2442 3953 2511 desideratam
3981 2446 4193 2513 lucem

1094 2544 1283 2608 annis
1342 2539 1397 2604 B
1466 2557 1535 2606 et
1593 2540 1652 2605 l
1668 2587 1687 2620 ,

1085 2647 1263 2709 rium
1330 2643 1682 2725 caderent,
1745 2645 1863 2710 sed
1911 2646 2167 2722 etiam,
2152 2657 2282 2723 ut
2320 2644 2455 2727 jam
2499 2668 2604 2709 su-

1764 2545 1875 2626 qui
1933 2545 1999 2604 in
2072 2540 2326 2605 Claudii
2393 2541 2602 2627 impe-
2714 2546 3059 2612 attulere.-

2341 2956 2434 3019 M.
2473 2962 2485 2971 ·
2523 2956 2701 3020 Fut
2721 2957 2797 3019 Μ
2811 2927 2955 3021 γε.

1217 3153 1553 3220 Zenobiae
1585 3149 1863 3238 ⁸amicus
1920 3173 1998 3218 ac
2045 3151 2265 3219 socius
2314 3153 2594 3219 Alexan·

1096 3257 1305 3324 driam
1347 3257 1713 3343 imperante
1765 3255 2126 3320 Aureliano
2180 3257 2418 3323 invasit
2455 3258 2594 3343 qui·

1097 3359 1284 3437 dem,
1328 3358 1447 3423 sed
1484 3358 1565 3423 ab
1605 3360 1739 3423 boc
1783 3354 1978 3421 brevi
2020 3369 2295 3422 eversus
2332 3371 2435 3423 est
2459 3400 2477 3433 ,
2522 3373 2595 3422 ut

1037 3527 1040 3532 ,
1098 3461 1314 3526 refert
1345 3461 1678 3544 Vopiscus
1701 3460 1771 3521 in
1800 3458 1942 3541 ejus
1978 3461 2234 3540 tyranni
2267 3460 2399 3527 vita
2419 3504 2438 3539 ,
2481 3461 2596 3546 qui

2704 3153 2834 3239 jam
2863 3153 3149 3238 indicavi
3189 3156 3429 3228 invol.
3467 3160 3582 3237 IV.
3617 3179 3770 3244 pag.
3800 3169 3908 3245 94.
3946 3181 4036 3227 ex
4068 3183 4203 3228 mu·

2707 3276 2826 3323 seo
2862 3256 3411 3324 Pembrockiano.

2991 3359 3206 3427 ATT.
3259 3358 3367 3424 M.
3403 3354 3833 3429 ‹1›1PM1cc.
3885 3360 4203 3431 GTFCu

3005 3465 3209 3543 θηρσί
3254 3457 3632 3528 Ιαῖινοαιιιηι.

1100 3575 1171 3627 et
1207 3560 1423 3641 addit,
1466 3559 1548 3623 ab
1581 3566 1672 3622 'eo
1711 3558 1995 3643 Augusti
2026 3561 2293 3626 nomine
2329 3582 2600 3647 percus-
2709 3559 4203 3651 L.A.Muliersedemd.epicaae‚ae.c0rnucop3ao.

1102 3683 1240 3730 sam
1269 3662 1473 3726 fuisse
1498 3675 1850 3726 monetam.

1227 3762 1393 3851 Ejus
1435 3785 1706 3862 numum
1734 3810 1754 3846 ,
1780 3775 2177 3853 contempto
2220 3763 2595 3845 Goltziauo,

2839 3662 3162 3759 Quantam
3215 3664 3418 3729 fidem
3472 3681 3813 3733 mereatur
3873 3668 4202 3736 cimelium

2709 3763 2920 3844 istud,
2965 3787 3187 3831 meum
3222 3787 3356 3833 non
3382 3782 3485 3834 est
3518 3763 3820 3838 delinire.

2014 4072 2124 4156 u.
2197 4071 2732 4140 cLAVmVs
2817 4074 3299 4154 φᾼοιφγε.

1238 4273 1600 4341 Aureliano
1659 4271 1934 4342 circiter
1971 4272 2194 4340 medio
2235 4274 2481 4340 Hartio
2520 4274 2606 4346 V.
2721 4293 2864 4341 cam
2908 4276 3076 4343 banc
3132 4275 3626 4345 altercationem
3685 4297 3808 4343 sex
3880 4281 4209 4349 mensibus

1119 4378 1192 4444 C.
1253 4378 1417 4464 toass
1476 4376 1868 4455 interfecto,
1948 4396 2096 4441 cum
2162 4377 2408 4462 milites
2460 4398 2611 4444 rara
2720 4378 3068 4462 imperium
3111 4380 3323 4467 capite
3357 4394 3636 4446 careret.
3722 4382 4023 4449 Tandem
4067 4382 4205 4470 ejus

1123 4480 1576 4552 moderatione
1633 4478 2050 4564 imperatoris
2095 4479 2433 4564 deligendi
2496 4482 2615 4574 Ῑιο·
2723 4482 2877 4546 anni
2932 4482 3042 4545 die
3091 4481 3297 4552 XXV.
3340 4484 3750 4570 Septembris
3794 4486 4049 4550 electus
4087 4490 4207 4554 Ta-

1127 4603 1358 4647 norcm
1406 4584 1656 4646 senatui
1711 4579 2211 4666 permitterent,
2262 4595 2457 4666 atque
2502 4581 2612 4646 hic
2726 4585 2892 4647 citus
2949 4583 3053 4650 vir
3109 4586 3501 4664 consularis,
3582 4585 3812 4652 aetatis
3873 4589 4002 4670 jam
4063 4609 4209 4672 pro-

1131 4705 1391 4748 rursum
1431 4683 1790 4763 militibus,
1847 4683 2126 4765 factum,
2181 4698 2258 4751 ut
2297 4703 2421 4769 per
2460 4684 2614 4749 ami·
2726 4699 2989 4765 vectae,
3049 4699 3119 4750 et
3177 4707 3438 4752 morum
3490 4687 3868 4773 integritate
3916 4691 4207 4769 eximius,
