4475 5584
910 507 919 523 ·
998 456 1189 544 ³26.

1004 632 1345 703 servanda.
1407 630 1595 726 Quae
1648 615 1948 690 animalia
1996 619 2247 689 suntin
2282 619 2498 685 numis

1000 734 1296 822 Philippi
1331 735 1381 797 1.
1407 777 1425 810 ,
1472 729 1581 809 (de
1614 726 1944 811 argenteis
1975 737 2220 788 tautum
2257 742 2499 799 sermo,

2162 433 2777 517 PHILIPPVS
2846 433 2906 509 1.

2609 618 2805 696 dem,
2881 611 3083 683 u‘num
3143 614 3508 680 alterumve
3579 595 3851 695 animal,
3929 621 4110 706 quod

2615 711 2877 786 cimelia
2907 720 3070 782 haec
3105 717 3375 791 sistunt,
3424 725 3570 779 esse
3616 734 3699 778 ex
3731 736 3961 782 eorum
3991 739 4111 804 ge-

1000 862 1155 906 nam
1183 835 1405 910 aenei,
1453 830 1578 894 etsi
1614 828 1967 914 perpauci,
2011 826 2168 889 huic
2189 824 2329 909 legi
2365 825 2501 887 non
2612 839 2813 910 nere,
2872 839 3040 905 quae
3089 819 3281 882 ludos
3323 816 3794 895 nobilitarunt,
3856 820 3948 883 ita
4002 819 4108 882 v‘ix

1006 962 1081 1010 se
1114 932 1643 1011 adcommodant)
1671 951 1803 994 non
1827 927 2252 1013 reperiuntur
2285 928 2357 989 in
2383 948 2501 988 nu-

1009 1042 1134 1106 mis
1168 1037 1397 1103 uxoris
1437 1047 1506 1098 et
1554 1032 1709 1106 filii,
1755 1042 1823 1092 et
1852 1028 2163 1092 vicissim.
2198 1075 2205 1084 .
2248 1027 2505 1111 Argen·

1007 1145 1104 1226 tei
1155 1141 1224 1204 id
1263 1157 1471 1225 genus
1516 1152 1744 1199 omnes
1792 1129 2245 1193 inscribuntur
2277 1147 2506 1196 nume·

1007 1249 1102 1308 ris
1134 1244 1214 1306 ab
1248 1244 1295 1302 1.
1333 1258 1542 1323 usque
1589 1236 1671 1299 ad
1703 1235 1814 1302 VI.
1837 1276 1854 1305 ,
1896 1230 2095 1316 idque
2147 1231 2301 1311 lege
2350 1247 2506 1290 con·

1009 1357 1253 1420 stante3
1299 1361 1447 1402 nam
1481 1336 1652 1400 infra
1679 1335 1943 1397 leonem
1981 1349 2246 1413 semper
2278 1326 2508 1391 obscr-

987 1432 1195 1510 'vabis
1249 1456 1469 1505 notam
1532 1439 1626 1511 1.,
1690 1433 1860 1497 iufra
1919 1443 2189 1496 cervu‘m
2231 1431 2326 1499 V.
2375 1443 2505 1493 etc.

1008 1548 1253 1620 Fuere,
1290 1540 1404 1627 qui
1427 1549 1807 1610 censerent,
1828 1533 2128 1598 animalia
2160 1529 2325 1596 haec
2358 1550 2506 1594 esse

1008 1647 1284 1719 eadem,
1347 1660 1515 1728 quae
1564 1658 1687 1722 per
1732 1636 1855 1698 hos
1903 1633 2098 1698 ludos
2150 1633 2217 1695 in
2256 1647 2509 1718 specta-

1010 1750 1234 1816 culum
1273 1743 1563 1808 exhibita
1598 1751 1781 1812 sunt,
1825 1737 2123 1796 numeris
2160 1748 2378 1798 autem
2411 1734 2510 1796 in-
2558 1787 2562 1796 .

1013 1847 1222 1914 dicari
1262 1846 1439 1920 dies,
1487 1839 1722 1925 quibus
1776 1849 1956 1900 certa
2009 1834 2513 1922 quaedamani·

1011 1949 1209 2014 malie
1269 1948 1338 2008 in
1398 1953 1825 2023 conspectum
1888 1938 2125 2026 emissa
2168 1937 2361 2000 fuere
2425 1940 2507 2015 ¹).

1011 2027 1384 2134 Vtrumque
1419 2043 1751 2108 adsertam
1789 2057 2023 2121 graves
2042 2053 2353 2122 premunt
2389 2037 2515 2100 dis.

1014 2151 1365 2228 ficultateq.
1420 2149 1585 2208 Nam
1644 2141 1696 2201 si
1732 2138 2087 2223 placuisset
2126 2142 2512 2203 monetariis

1016 2253 1317 2314 inserere
1367 2245 1584 2308 numis
1632 2243 1968 2328 proposita
2010 2254 2148 2304 tum
2184 2241 2510 2319 animalia,

1020 2351 1413 2434 selegissent
1442 2344 1616 2409 haud
1660 2344 1857 2407 dubie
1894 2343 1961 2404 iu
2009 2355 2235 2427 typum
2277 2344 2518 2408 anima.

1016 2454 1109 2518 lia
1156 2452 1383 2514 minus'
1424 2447 1655 2521 obvia,
1720 2459 1791 2508 et
1830 2441 2013 2531 quael
2051 2464 2174 2529 per
2231 2445 2518 2508 insolen-

1021 2557 1217 2630 tiam,
1262 2566 1330 2615 et
1360 2547 1536 2634 quod
1560 2549 1762 2630 longe
1786 2591 1803 2624 ,
1849 2558 2085 2609 etcum
2113 2544 2517 2621 discrimine,

1022 2654 1409 2740 magnisque
1465 2650 1829 2733 sumptibus
1889 2645 2175 2731 petenda
2231 2646 2518 2729 fuerant,

1020 2757 1232 2842 magis
1290 2754 1416 2817 hac
1475 2750 1785 2812 ludorum
1855 2748 2243 2812 celelwitate
2322 2745 2521 2830 digna

1022 2860 1329 2932 fuerant.¹
1394 2853 1565 2916 Sane
1602 2850 2007 2936 Capitolinus
2049 2849 2225 2913 inter
2262 2846 2439 2913 feras
2483 2870 2522 2920 a

1023 2960 1334 3044 Philippo
1397 2971 1535 3020 tum
1594 2953 1950 3036 productas
2003 2964 2330 3015 memorat
2387 2949 2524 3012 ele-

1022 3061 1338 3154 phantos,
1399 3059 1615 3152 alces,
1675 3054 1924 3138 tigres,
1978 3050 2363 3136 leopardos,
2407 3052 2523 3134 hy·

1029 3182 1261 3236 aenas,
1335 3160 1824 3222 rhinocerotem
1851 3200 1868 3229 ,
1958 3153 2521 3236 camelopardalos

1033 3276 1160 3326 etc.
1213 3258 1295 3339 ¹³).
1361 3261 1447 3322 At
1485 3259 1727 3321 horum
1758 3254 2134 3328 animalium
2168 3254 2426 3317 nullum
2456 3253 2526 3316 in

1034 3364 1138 3426 his
1170 3361 1422 3438 numia,
1467 3359 1587 3421 sed
1613 3359 1677 3419 in
1715 3376 1944 3420 eorum
1984 3357 2201 3419 locum
2225 3399 2245 3433 ,
2291 3356 2347 3417 si
2384 3354 2529 3439 hip-

1031 3475 1455 3548 popotamum
1506 3473 1575 3524 et
1627 3461 1892 3522 leonem
1939 3456 2195 3535 demas,
2239 3456 2365 3520 alia
2408 3454 2529 3518 mi-

1031 3584 1271 3628 norum
1317 3562 1647 3646 gentium,
1710 3558 1893 3623 cervi
1952 3572 2344 3642 ct-caprae,
2389 3556 2530 3642 qui·

1033 3664 1160 3726 bus
1231 3649 1704 3745 amphitheatra
1774 3682 2011 3745 parum
2076 3660 2528 3735 illustrantur,

1038 3786 1185 3830 sese
1230 3762 1539 3828 offerunt.
1630 3763 1832 3836 Novi,
1889 3762 1958 3822 in
2015 3761 2254 3824 horum
2314 3779 2448 3823 uuo
2492 3781 2531 3823 a

1041 3862 1443 3951 Spanhemio
1491 3865 1706 3929 videri
1755 3864 1967 3926 alcem
2029 3864 2123 3941 ο),
2184 3862 2255 3923 in
2301 3860 2446 3924 aliis
2495 3882 2536 3925 a

1036 3966 1239 4031 variis
1272 3964 1590 4050 hyaenam
1614 4009 1632 4041 ,
1676 3985 1907 4030 verum
1960 3977 2072 4028 aut
2097 3963 2372 4026 nimium
2407 3962 2534 4025 sibi

1039 4065 1380 4131 indulsere
1441 4069 1685 4132 eruditi
1741 4066 1812 4128 hi
1867 4066 2034 4144 viri,
2097 4085 2245 4132 cum
2308 4063 2534 4129 videre

1041 4171 1294 4236 vellent
1347 4168 1416 4230 in
1465 4170 1719 4244 numia,
1763 4187 1930 4253 quae
1962 4167 2368 4252 Capitolinus
2398 4187 2537 4232 me·

1041 4272 1294 4335 moriae
1351 4270 1679 4355 prodidit,
1742 4283 1868 4333 aut.
1911 4291 2145 4332 numos
2202 4291 2337 4332 non
2382 4269 2536 4332 satis

1044 4373 1342 4458 integros
1386 4390 1543 4454 prae
1589 4371 1799 4435 oculis
1841 4369 2157 4434 habuere.
2215 4371 2307 4438 Vt
2333 4370 2540 4454 igitur

1126 4610 1188 4679 a)
1227 4607 1431 4666 Iobert
1466 4607 1535 4664 Τ.
1573 4605 1619 4666 1.
1658 4624 1718 4682 p.
1760 4610 1885 4670 147.
1955 4602 2096 4682 Pagi
2128 4603 2348 4676 Critica
2376 4605 2512 4665 Bsr.
2542 4557 2621 4659 ad
2648 4609 2784 4663 ann.
2812 4600 3068 4667 Cli-⁶247.
3106 4607 3154 4674 ς.
3176 4614 3267 4662 to.

2105 4697 2166 4771 e)
2197 4692 2423 4756 chron.
2460 4693 2717 4754 Eusebii.

1055 4699 1107 4768 c)
1147 4698 1215 4753 T.
1254 4696 1302 4760 1.
1339 4716 1404 4773 p.
1445 4708 1570 4773 197.
1717 4689 1866 4770 d)‘l.
1907 4711 1959 4754 c.

2563 935 2568 939 ’
2617 917 2903 997 dedero,
2948 919 3124 984 idem
3167 940 3313 984 esse
3345 918 3430 982 de
3466 918 3742 1003 reliquis
3763 919 4108 1003 judicium,

2616 1023 3068 1088 nisivelimus
3126 1020 3484 1085 Romulum
3540 1039 3804 1106 quoque
3863 1041 3938 1086 ac
3977 1024 4112 1086 Be·

2621 1146 2840 1201 mum,
2885 1124 3096 1210 quiin
3136 1123 3353 1186 numia
3398 1142 3547 1185 cum
3590 1137 3745 1187 nota
3791 1124 3874 1185 11.
3913 1122 4108 1209 lupae

2621 1245 2779 1289 suae
2807 1224 3159 1290 beneficio
3221 1223 3569 1299 fruuntur,
3645 1226 3911 1288 venatui
3970 1238 4110 1287 tum

2618 1328 2825 1391 fuisse
2885 1326 3259 1413 expositos,
3322 1325 3451 1411 qui⁴
3501 1326 3675 1388 idem
3719 1337 3911 1411 typus
3954 1323 4115 1388 alte·

2617 1452 2760 1493 ram
2806 1449 3069 1516 quoque
3114 1427 3501 1491 sententium
3561 1424 3854 1512 adfligit,
3921 1447 4113 1512 quae,

2621 1527 2695 1608 ut
2740 1530 2910 1604 dixi,
2957 1528 3192 1593 missus
3221 1529 3494 1592 diurnos
3534 1525 3640 1590 his
3682 1520 3975 1591 numeris
4018 1525 4114 1590 ih-

2621 1631 2830 1698 dicari
2854 1631 3096 1694 statuit.
3142 1631 3264 1694 Cui
3294 1629 3656 1694 sententiae
3688 1628 3903 1692 obstat
3918 1629 4114 1692 etiam

2622 1732 2829 1808 illud,
2876 1733 3053 1819 quod
3098 1731 3253 1796 inde
3298 1721 3728 1817 sequeretur,
3791 1729 3967 1793 ludis
4009 1728 4114 1793 his

2623 1835 2957 1918 impensos
3013 1833 3219 1897 fuisso
3276 1834 3509 1897 saltem
3566 1833 3708 1897 dies
3750 1834 3903 1910 VI..
3963 1854 4116 1897 nam
4147 1887 4166 1899 .

2626 1945 2764 2008 tot,
2827 1949 2899 1996 ut
2942 1932 3258 2010 diximus,
3326 1936 3585 1998 numeri
3632 1936 3713 1997 ·in
3756 1935 3859 1998 his
3901 1935 4118 1997 numis

2625 2048 2975 2098 exarantur
2991 2057 3012 2108 3
3059 2034 3217 2121 quin
3250 2049 3317 2097 et
3347 2058 3693 2100 numerum
3723 2039 3806 2102 X.
3829 2081 3847 2114 ,
3891 2036 4119 2099 nescio

2626 2133 2801 2199 unde
2831 2149 3169 2219 acceptum
3193 2177 3213 2211 ,
3256 2120 3446 2201 nobis
3488 2138 3730 2201 obtulit
3759 2138 4004 2223 Pagius
4034 2134 4120 2218 d).

2626 2237 2716 2301 At
2761 2255 2921 2301 vero
2964 2235 3138 2301 ludis
3184 2240 3629 2303 saecularibus
3680 2238 3836 2302 inde
3886 2238 3968 2301 ab
4011 2255 4125 2302 eo·

2629 2360 2777 2401 rum
2825 2337 3250 2403 exat-tudine
3288 2354 3537 2404 tantum
3582 2356 3755 2416 tres,
3813 2338 4125 2404 totidem·

2589 2464 2605 2478 =
2632 2458 2760 2522 que
2798 2454 3030 2502 noctes
3059 2441 3263 2514 fuisse
3293 2444 3734 2529 praescriptas
3756 2487 3773 2520 ,
3818 2441 3989 2527 apud
4009 2463 4127 2505 au·

2634 2551 2853 2604 ctores
2898 2561 3127 2605 omnes
3187 2544 3508 2628 legimus„
3573 2565 3649 2608 ac
3692 2543 3996 2628 privatim
4034 2541 4128 2605 de

2633 2642 3000 2727 Philippeia
3042 2643 3146 2705 his
3172 2645 3618 2709 saecularibus
3645 2647 3737 2709 ait
3770 2648 3858 2727 1).Δ
3886 2646 4129 2707 Hiero·

2633 2766 2868 2826 nymus
2899 2741 2990 2823 ο)’;
3037 2748 3473 2824 Reqnantibus
3509 2750 3822 2830 Philippis
3867 2750 4134 2811 millesi-

2634 2867 2776 2908 mus
2826 2867 3036 2908 annus
3079 2849 3409 2910 Romanae
3453 2853 3630 2912 urbis
3678 2853 3968 2931 expletus
4009 2858 4144 2922 est-,-

2636 2950 2720 3010 ob
2759 2968 2953 3030 quam
3003 2949 3472 3011 solennitatem'
3493 2955 3990 3030 innumerabiles
4027 2947 4131 3011 be·

2636 3051 2804 3118 stiae
2837 3052 2910 3110 iu
2946 3050 3123 3112 Circo
3150 3071 3384 3131 mayno
3411 3054 3822 3132 interfectae,
3867 3055 4131 3135 ludique

2637 3151 2710 3211 tn
2744 3152 2976 3230 Campo
3008 3153 3246 3214 Martio
3276 3155 3617 3218 theatrales
3647 3153 3856 3217 tribus
3896 3152 4132 3216 diebus

2640 3268 2718 3312 ac
2750 3248 3051 3312 noctibus
3081 3255 3320 3332 populo
3342 3258 3778 3335 pervae'ffl’laaeste
3804 3257 4131 3319 celebrati.

2636 3351 2834 3419 'Vnde
2863 3363 2930 3412 et
2960 3365 3147 3415 recte
3180 3350 3345 3417 dixit
3372 3354 3698 3419 Ausonius
3738 3354 3819 3437 ί).

2650 3491 2870 3575 Τνίπᾳ
2891 3492 3226 3552 Terentiae
3267 3493 3584 3554 celebrata
3630 3494 3935 3556 {riuoctla
3962 3496 4134 3557 ludo.

2765 3657 2873 3717 Ex
2923 3623 3055 3740 «juo
3105 3655 3335 3741 colligi
3382 3670 3636 3741 potest,
3699 3657 3824 3722 etsi
3875 3658 3946 3721 hi
3992 3661 4133 3745 typi

2643 3752 2925 3821 docente
2955 3757 3384 3842 inscriptione
3419 3759 3499 3822 ad
3533 3757 3725 3822 ludos
3764 3762 4136 3824 saeculares

2648 3874 2834 3924 certo
2892 3859 3303 3943 pertineant,
3371 3860 3563 3923 aliam
3606 3874 3826 3924 tamen
3867 3861 4136 3925 illorum
4237 3845 4250 3854 ⁹

2649 3980 2795 4025 esse
2841 3960 3425 4048 significationem,
3468 3951 3826 4048 praecipue
3852 3983 4002 4026 cum
4046 3962 4141 4025 vi·

2652 4061 2961 4141 deamus,
3035 4063 3199 4127 alios
3256 4076 3466 4145 typos‘
3503 4064 3654 4139 uni,
3723 4065 3889 4146 alioxs
3946 4064 4142 4128 alteri

2649 4162 2931 4248 principi
2990 4184 3074 4226 ex
3134 4163 3346 4228 tribus
3400 4164 3873 4248 imperantibus
3932 4166 4138 4235 fuisse

2652 4278 3047 4332 reservatos.
3130 4266 3236 4329 Ad
3285 4285 3626 4345 numeros,
3666 4263 3846 4352 quod
3889 4266 4141 4345 attinet,

2649 4368 2720 4430 in
2750 4365 2834 4429 iis
2860 4366 3027 4430 nihil
3058 4368 3236 4431 aliud
3259 4364 3450 4431 video
3477 4383 3938 4455 praeterquam
3949 4383 4140 4435 notas

3414 4599 3486 4676 b)
3521 4602 3588 4662 in
3620 4601 3809 4664 Gord.
3834 4602 3936 4665 m:
3959 4622 4020 4684 xc.
4053 4613 4141 4669 33.

2859 4694 2915 4767 ί)
2956 4692 3156 4755 earm.
3190 4692 3319 4758 3³6.
3355 4712 3413 4757 v.
3451 4699 3544 4760 34.
