4475 5584
1039 428 1179 502 142

1315 598 1401 657 Vt
1439 595 1535 656 lit.
1555 594 1640 654 A.

1032 697 1438 763 LIBERAL.
1483 694 1680 759 AVG.
1717 693 1861 754 ΤΒ.
1892 689 1970 751 Ρ.
2015 684 2324 753 cos.11.·
2349 684 2417 748 S.
2450 686 2521 750 C.

1032 804 1424 869 Liberalitas
1467 806 1668 858 stam.
1756 793 1894 856 ΑΕ.
1936 791 2018 852 11.
2081 790 2284 871 (Mus.
2338 786 2527 852 Chri-

1038 902 1303 978 stinae.)

1154 999 1520 1074 Donativa,
1583 1009 1650 1059 et
1703 990 2072 1078 congiaria,
2118 1011 2286 1075 quae
2330 992 2522 1056 Com·

888 1132 905 1142 ·
1029 1102 1266 1167 modus
1292 1098 1725 1184 promiserat,
1772 1094 2047 1157 solvisse
2079 1093 2519 1167 Pertinacem,

1034 1201 1244 1267 refert
1311 1198 1717 1283 Capitolinus
1766 1197 1861 1275 ⁸¹),
1945 1208 2010 1257 at
2076 1195 2285 1277 magis
2350 1194 2521 1257 infra

1034 1302 1334 1376 definite,
1383 1299 1789 1382 congiarium
1826 1296 2086 1359 dedisse
2123 1297 2371 1379 populo
2410 1294 2523 1357 de·

1040 1404 1263 1470 narios
1296 1414 1633 1475 centenos,
1676 1395 2108 1484 praetorianis
2139 1397 2524 1479 promisisse

1037 1505 1338 1568 duodena
1397 1500 1604 1563 millia
1673 1521 1980 1577 numum,
2078 1495 2198 1560 sed
2263 1495 2524 1561 dedisse

1031 1628 1186 1669 sena
1217 1603 1304 1685 ¹⁰).

1603 1747 1643 1786 u
1766 1701 1808 1742 '⁸
1934 1746 1975 1787 o

1323 1812 1405 1872 Vc
1447 1809 1540 1871 lie.
1583 1808 1667 1868 A.

1033 1909 1521 1976 LIBERATIS.
1563 1903 1930 1973 CIVIBVS.
1977 1907 2212 1969 Mulier
2250 1914 2430 1967 stans
2458 1906 2522 1967 d.

1034 2026 1357 2086 tesseram,
1387 2011 1896 2086 s.comncopae‘ae.
1918 2009 2056 2071 AR.
2088 2010 2289 2090 (Mus.
2309 2005 2523 2084 Caes.)

1162 2109 1511 2195 Inscriptio
1558 2127 1763 2182 nova,
1828 2106 1947 2169 sed
1972 2127 2200 2170 sensus
2254 2125 2527 2190 pronus,

1035 2214 1289 2280 civibus
1359 2208 1602 2275 abolita
1652 2206 1995 2278 Commodi
2052 2206 2394 2289 tyrannide
2451 2205 2529 2267 li·

1033 2311 1276 2379 bertati
1308 2332 1462 2376 suae
1509 2309 1847 2372 restitutis.
1910 2312 1995 2388 At
2039 2307 2373 2371 difficilius
2407 2320 2530 2381 est,

1037 2415 1442 2501 epigraphen
1477 2433 1623 2476 cum
1659 2425 1814 2496 typo
1836 2455 1853 2487 ,
1898 2410 2013 2495 qui
2057 2409 2258 2491 vulgo
2295 2407 2532 2469 libera·

1034 2516 1240 2579 litatis
1317 2527 1450 2588 est,
1536 2531 1956 2597 componere.
2064 2508 2349 2582 Videtur
2404 2507 2530 2571 hac

1039 2638 1268 2682 aversa
1323 2614 1600 2678 indicari
1656 2629 1902 2678 tantum
1952 2607 2317 2676 Pertinacis
2366 2608 2531 2670 libe-

1036 2719 1296 2797 ralitas,
1391 2716 1475 2779 de
1537 2737 1661 2801 qua
1710 2717 1778 2778 in
1819 2735 2017 2778 numo
2065 2709 2531 2798 praecedente,

1040 2819 1161 2883 sed
1201 2837 1367 2904 quae
1421 2831 1600 2881 tanto
1653 2818 1902 2902 gratior
1958 2810 2211 2899 populo‘
2263 2810 2532 2886 exstitit,

1042 2922 1351 3007 quoniam
1388 2940 1520 2982 non
1554 2919 1830 3003 amplius
1875 2916 2125 3002 pressis
2166 2910 2535 2995 tyrannide,

1040 3024 1160 3087 sed
1202 3025 1494 3087 liberatis
1526 3019 1810 3104 denique
1846 3022 2092 3082 ciuibus
2124 3015 2346 3080 cessit.

1761 3119 1803 3160 '⁹
1922 3160 1966 3202 ι

1598 3164 1638 3203 ἃ

1341 3229 1427 3290 Vt
1467 3226 1564 3285 lit.
1602 3224 1689 3284 A.

1044 3326 1354 3391 MENTI.
1383 3309 1944 3392 LAVDANDA‘E.
1991 3324 2228 3385 Mulier
2255 3330 2435 3383 stans
2467 3324 2529 3381 d.

1051 3448 1385 3501 coronam,
1430 3448 1485 3489 s.
1519 3428 1789 3486 hastam.
1836 3422 1989 3484 AR.
2037 3424 2236 3501 (Mus.
2272 3421 2491 3503 Caes.)

1028 3521 1035 3526 ’
1169 3529 1277 3590 En
1315 3525 1714 3611 singularem
1743 3512 2033 3585 thesauri
2072 3523 2377 3586 Caesarei
2422 3544 2540 3584 nu-

1048 3648 1267 3703 mum,
1329 3639 1523 3712 atque
1584 3624 1698 3687 diu
1732 3624 1876 3687 aliis
1924 3624 2167 3687 muscis
2217 3624 2536 3709 ignotum,

1047 3729 1260 3792 altero
1297 3747 1512 3811 nuper
1562 3725 1925 3810 exemplari
1955 3745 2039 3788 ex
2077 3746 2306 3789 museo
2334 3728 2541 3792 d'En·

1046 3848 1213 3910 nery
1239 3826 1584 3911 producto.
1628 3828 1919 3889 Mentem
1939 3829 2187 3890 Romae
2224 3828 2546 3892 habuisse·

1049 3929 1408 4013 templum,
1460 3942 1684 3994 votum
1730 3926 2230 4011 dedicatumque
2292 3928 2538 3991 Hanni·

1046 4031 1199 4094 bale
1236 4032 1567 4093 Romanos
1601 4042 1882 4114 urgente
1903 4072 1922 4105 ,
1965 4027 2418 4094 refertLivius
2449 4031 2534 4109 ο),

1056 4131 1334 4218 ejusque
1410 4129 1774 4197 meminero
1861 4129 2058 4193 etiam
2117 4130 2532 4208 Plutarchus,

1056 4230 1177 4296 sed
1210 4287 1217 4292 ,
1250 4230 1533 4295 dedicati
1590 4230 1671 4294 ab
1724 4231 2010 4294 Aemilio
2059 4232 2342 4312 Scauro,
2423 4232 2531 4319 qui

1829 406 1910 480 P.
2015 349 3307 478 11123LV1VSPERT1NAX.

2639 585 2809 647 belli
2854 584 3168 656 Cimbrici
3216 597 3514 666 tempore
3555 582 3714 647 vixit
3744 577 3808 663 d)
3881 595 4012 648 tum
4049 595 4113 646 et

2641 689 2878 752 Cicero
2910 686 2990 767 Θ),
3037 687 3104 750 S.
3124 684 3520 769 Augustinus
3563 689 3639 760 ¹).
3680 687 3850 756 Vota
3866 685 4116 769 eiquot·

2641 788 2824 852 annis
2893 786 3158 872 publice
3229 786 3400 851 facta
3453 784 3654 851 tradit
3710 785 3983 853 Ovidius
4028 792 4114 864 Β),

2640 904 2710 952 et
2767 887 3032 974 quidem
3092 888 3161 949 in
3222 887 3546 972 Capitolio
3599 891 3712 955 VI.
3789 887 3934 949 idus
3979 888 4109 952 Iun.

2633 989 3159 1074 conspirantibus
3193 988 3608 1053 Kalendariis
3638 990 4006 1063 VenusinO,
4049 1001 4115 1050 et

2635 1090 3077 1153 Maffeiorum.
3135 1095 3532 1156 Laudandao
3581 1089 3872 1173 elogium
3913 1089 4113 1152 Menti

2595 1267 2600 1272 ,
2637 1192 2926 1257 additum
2959 1193 3027 1253 in
3080 1193 3268 1254 nullo
3302 1205 3725 1254 monumento
3768 1205 3987 1254 vetere
4019 1209 4117 1252 re·

2634 1293 2886 1379 perias,
2946 1315 3311 1378 quanquam
3371 1292 3689 1374 dijudices
3736 1292 3931 1357 facile
3984 1312 4119 1354 sen-

2642 1417 2784 1458 sum
2839 1418 2877 1458 a
2911 1394 3258 1456 Pertinace
3301 1393 3745 1469 intellectum,
3811 1394 3921 1478 qui
3977 1415 4118 1457 cum

2642 1496 2859 1559 omnia
2891 1494 2973 1558 ad
2997 1495 3267 1559 rationis
3312 1495 3497 1577 leges
3542 1495 3872 1578 exigeret,
3919 1507 4121 1556 osten·

2643 1597 2740 1661 dit
2797 1597 2926 1661 hoc
2982 1616 3101 1659 suo
3164 1596 3505 1671 instituto,
3566 1594 3900 1659 diversum
3957 1616 4025 1658 se
4086 1618 4121 1657 a

2645 1697 3008 1762 Commodo
3045 1697 3326 1771 sentire,
3361 1697 3546 1780 cujus
3583 1696 3795 1758 omnis
3828 1698 3955 1762 vita
3985 1718 4124 1781 per·

2640 1813 2909 1883 pctuum
2957 1798 3084 1861 fuit
3141 1802 3467 1860 amentiae
3513 1813 4001 1882 argumentum,
4060 1813 4124 1861 et

2642 1921 2771 1984 quo
2805 1900 3165 1984 imperante
3199 1898 3406 1960 Menti
3435 1918 3666 1962 revera
3711 1901 4009 1964 evenisse
4038 1900 4124 1964 vi·

2642 2021 2823 2077 sum,
2882 1999 3060 2084 quod
3103 1998 3184 2061 de
3217 1997 3372 2062 {icto
3408 1999 3744 2085 Cupidinis
3800 1998 4121 2085 triumpho

2643 2102 2816 2165 canit
2860 2100 3140 2167 Ovidius
3171 2096 3274 2181 h)=

2733 2309 2912 2369 Mem
2939 2307 3109 2368 bona
3147 2307 3410 2368 ducetur
3456 2306 3752 2367 manibus
3776 2317 3930 2386 post
3957 2316 4128 2388 ter-90

3575 2409 3852 2482 retortis,
3903 2461 3914 2478 ,

2818 2510 2906 2570 Et
2921 2510 3131 2588 pudor
3146 2552 3165 2586 ,
3209 2519 3277 2573 et
3291 2511 3523 2572 castris
3547 2510 3873 2591 quidquid
3877 2512 4125 2578 Amori·

3568 2613 3764 2672 obest.

2652 2812 2773 2879 Cui
2808 2812 2975 2877 addc
3007 2811 3176 2877 illud
3208 2811 3540 2896 Propertii
3574 2807 3665 2892 i),

2731 3019 2915 3081 Men-s
2952 3019 3149 3094 bona,
3210 3021 3272 3081 si
3312 3021 3595 3103 quaodea
3623 3037 3727 3092 es,
3791 3030 3905 3080 tua
3933 3038 4032 3083 me
4062 3021 4128 3084 ἐκ

3569 3123 3866 3183 sacraria
3882 3124 4066 3183 douo.

2644 3325 2889 3399 Recte,
2946 3320 3292 3406 Properti!
3356 3319 3678 3407 siquidem
3737 3341 3971 3387 verum
4013 3331 4130 3402 est,
4191 3347 4200 3356 ·

2652 3421 2828 3509 quod
2855 3422 3154 3507 pluribus
3182 3423 3348 3487 locis
3379 3421 3675 3486 adfirmat
3719 3424 3956 3488 Cicero
3998 3421 4133 3508 phi·

2651 3524 3003 3609 losophus,
3072 3544 3219 3590 esse
3266 3540 3554 3588 mentem
3594 3525 3966 3610 principem
4008 3522 4135 3586 ani-

2651 3607 2796 3688 mae
2843 3639 3132 3710 partem,
3205 3626 3503 3712 nihilque
3563 3639 3786 3698 mente
3854 3624 4132 3689 divinius

2650 3725 3236 3812 praestabiliusque
3324 3713 3575 3789 homini
3626 3729 3766 3791 sive
3821 3719 4133 3806 naturam,

2648 3828 2787 3890 sive
2821 3847 3017 3911 quem
3053 3826 3251 3891 deum
3273 3827 3554 3894 dedisse.
3599 3827 3992 3895 Laudandae
4005 3826 4134 3913 epi·

2649 3928 2884 3993 theton
2910 3929 3140 3993 Cereri
3173 3928 3356 3992 dedit
3384 3927 3689 3995 Tibullus
3717 3926 3785 4013 ¹¹)
3804 3952 3825 3993 e

2675 4176 2683 4184 -
2734 4136 2883 4197 Non
2899 4153 3016 4215 eqo
3031 4136 3275 4220 tentavi·
3284 4136 3454 4196 melli
3471 4138 3839 4204 tems-anda
3858 4138 4134 4198 vir-orm

2829 4238 3073 4298 Audax
3107 4237 3475 4298 laudandae
3492 4256 3684 4299 sacra
3711 4239 3938 4299 docere
3966 4239 4134 4298 deae·

1043 4378 4125 4432 -..---------.------.-,-.-.

1162 4468 1226 4539 a)
1257 4464 1406 4541 Cap.
1435 4478 1488 4531 7.
1651 4463 1721 4534 b)
1759 4465 1913 4543 Cap.
1944 4476 2032 4529 15.
2055 4477 2085 4509 0‘

1053 4640 1183 4702 Lib.
1205 4643 1451 4706 VL241.
1562 4642 1634 4717 h)
1670 4646 1872 4705 Amor.
1890 4645 1952 4704 L.
1970 4645 2015 4706 1.
2053 4643 2197 4724 eleg.
2225 4646 2299 4709 Π.
2331 4651 2497 4709 ιόι.

2203 4469 2266 4541 c)
2303 4468 2373 4528 L.
2407 4467 2595 4526 xxn.
2630 4447 2847 4529 msn.
2886 4479 2945 4526 et
2972 4468 3195 4528 xxm.
3226 4482 3319 4536 31·

1047 4572 1125 4610 m.
1154 4563 1282 4619 318.
1390 4556 1451 4627 e)
1502 4550 1577 4610 de
1607 4551 1742 4612 Nat.
1780 4552 1942 4614 deor.
1982 4554 2047 4616 L.
2073 4550 2151 4616 II.
2179 4567 2271 4619 23.
2312 4566 2370 4613 et
2398 4556 2463 4614 L.
2490 4547 2590 4616 111.
2634 4557 2723 4623 36.
2846 4558 2902 4633 0
2942 4556 3017 4616 de
3051 4558 3179 4619 Civ.
3216 4557 3313 4616 dei
3350 4558 3417 4619 L.
3446 4557 3551 4621 lv.
3581 4578 3631 4617 c.
3668 4571 3760 4621 21.

2617 4645 2666 4720 i)
2704 4646 2772 4708 L.
2789 4646 2890 4707 111.
2909 4647 3054 4728 eleg.
3071 4656 3160 4713 24.
3176 4669 3234 4711 v.
3258 4661 3340 4722 ¹9.
3451 4649 3521 4722 k)
3541 4649 3604 4713 1..
3623 4648 3725 4711 111.
3741 4648 3890 4728 eleg.
3910 4648 3984 4714 V.
4014 4665 4065 4706 v.
4080 4654 4131 4707 7.

3467 4468 3538 4541 d)
3578 4466 3652 4526 de
3679 4472 3838 4529 Fort.
3871 4467 4040 4527 Rom.
4075 4483 4136 4542 p.

3886 4559 3950 4637 g)
3984 4557 4137 4616 rost.

2797 4803 2804 4808 '
2842 4797 2884 4820 d
