4475 5584
1464 420 2165 506 GORDIANVS
2243 421 2376 519 ω.

362 614 674 678 nimirum
726 624 1040 697 argentea
1086 607 1407 677 maximae
1457 610 1714 677 formae
1770 631 1859 675 eo

362 717 732 794 volumine,
779 727 847 778 et
891 713 1225 792 crassitie,
1270 735 1396 801 qua
1429 699 1663 793 aenea,
1707 735 1860 801 pro-

362 818 567 883 bitate
598 817 613 829 '
638 818 897 903 argenti
956 816 1172 893 varia,
1252 814 1641 903 duravitque
1702 817 1857 880 satis
1892 823 1895 828 “
1926 861 1933 870 .

1932 968 1939 972 .
1974 914 2057 978 de
2088 915 2324 1001 quibus
2353 918 2605 1000 agimus
2626 963 2645 995 ,
2688 918 2873 981 numi
2923 917 3139 1004 nequ'e
3173 936 3463 1007 spectata

364 942 490 1008 per
526 922 864 1007 proximos
884 920 1348 1004 imperatores.
1425 920 1677 984 Aversa
1720 919 1860 1003 pless

364 1043 646 1109 rumque
680 1022 1063 1087 inscribitur
1092 1022 1558 1118 AEQVITAS.
1597 1018 1861 1089 Ava-

348 1123 543 1200 81¹1,
608 1126 713 1190 vel
781 1125 1186 1189 MONETA.
1242 1125 1629 1210 AVGVSTI
1702 1131 1860 1209 typo

360 1232 556 1291 trium
599 1229 934 1290 mulierum
954 1231 1294 1307 ‚stantium
1324 1248 1467 1290 cum
1503 1230 1755 1302 bilance
1798 1234 1865 1288 et

362 1332 810 1410 cornucopiae,
827 1331 1142 1391 adstt'tuta
1158 1333 1252 1391 ad
1264 1329 1862 1409 sinyularumpedes

361 1451 584 1493 massa
598 1433 851 1493 metalli
862 1434 1187 1494 cudendae
1205 1441 1494 1492 monetae
1506 1433 1857 1505 destinata,

362 1551 499 1617 quo
527 1529 610 1594 de
646 1547 804 1617 typo
834 1531 963 1614 jam
998 1552 1203 1618 pauca
1227 1531 1588 1595 memoravi
1620 1531 1772 1595 Vol.
1806 1533 1857 1594 1.

359 1634 632 1718 Proleg.
671 1654 821 1716 gen.
843 1654 984 1718 cap.
1025 1641 1080 1695 i.
1126 1634 1289 1697 Cum
1320 1632 1422 1694 his
1454 1633 1703 1697 aversis
1736 1632 1856 1696 sub

362 1729 792 1818 setfuentibus
856 1738 1053 1799 etiam
1119 1735 1629 1819 imperatoribus
1675 1734 1859 1797 numi

362 1838 631 1902 maximi
677 1834 975 1914 moduli,
1038 1837 1157 1900 sed
1214 1838 1335 1899 toti
1389 1837 1577 1900 aenei
1621 1836 1859 1919 signati

360 1954 538 2004 utut.
613 1941 933 2026 Argentei
974 1938 1169 2020 hujus
1208 1937 1462 2001 formae
1498 1940 1678 2000 numi
1707 1960 1856 2001 cum

279 2069 289 2079 ·
359 2042 508 2106 aliis
525 2042 770 2105 aversis
808 2043 1021 2106 rarius
1046 2053 1439 2105 occurrunt..
1468 2041 1684 2110 ‘Vnum
1707 2040 1861 2105 Phi.

364 2145 530 2228 lippi
558 2144 841 2207 senioris
874 2141 1510 2212 dedit‘Vaillantiust
1555 2143 1857 2212 VICTO-

358 2246 530 2309 ma.
567 2246 766 2312 AVG.
818 2248 1104 2308 Victoria
1128 2248 1436 2325 yradiem
1468 2246 1549 2324 ³).
1610 2244 1859 2310 Obser-

356 2346 545 2423 vavi,
591 2368 724 2408 non
755 2367 998 2431 paucos
1031 2366 1113 2409 ex
1150 2346 1251 2406 bis
1292 2343 1855 2429 Aequitatia‚'seu

361 2452 662 2532 Monetae
685 2448 903 2510 numia
920 2449 1057 2515 sive
1078 2435 1441 2531 argenteis,
1465 2448 1603 2513 sive
1632 2450 1853 2513 aeneis

361 2569 511 2612 esse
547 2548 895 2614 deaurat'os
917 2594 934 2626 ‚
981 2563 1091 2612 aut
1122 2549 1498 2612 tenuissima
1532 2550 1675 2613 auri
1708 2550 1855 2615 bra·

360 2664 510 2716 ctea
567 2651 876 2727 vestitos,
953 2664 1019 2726 et
1078 2650 1343 2734 quidem
1403 2651 1602 2714 etiam
1663 2672 1850 2717 more

336 2752 861 2838 mblematum,
907 2752 1001 2822 sic
1049 2766 1121 2815 ut
1165 2752 1695 2837 paludamentum
1736 2754 1855 2817 im-

356 2856 686 2942 peratoris
734 2852 938 2920 fuerit
970 2854 1325 2918 obductum
1378 2875 1577 2930 auro,
1622 2855 1855 2920 immu-

355 2943 551 3020 nibus
597 2957 873 3042 reliquis
919 2958 1102 3034 numi
1142 2958 1461 3042 partibus.
1504 2959 1713 3022 'Satis
1743 2981 1851 3044 ap·

353 3074 579 3146 paret,
641 3080 878 3123 numos
922 3059 1044 3123 bos
1094 3074 1371 3144 propter
1415 3060 1695 3123 formam
1743 3081 1853 3124 ex-

355 3161 897 3234 traordinariam,
967 3175 1031 3228 et
1110 3162 1301 3224 artis.
1345 3162 1847 3224 ostentationem

356 3264 678 3349 pecuniae
733 3262 1059 3348 rationem·
1114 3284 1249 3325 non
1305 3260 1650 3341 habuisse,
1731 3262 1852 3327 sed

360 3367 691 3450 signatos,
749 3377 822 3426 ut
878 3364 1209 3429 servirent
1242 3364 1632 3438 ‚liberalitati
1676 3366 1855 3449 prin·

358 3468 623 3551 cipum,
688 3480 799 3531 aut
860 3467 1298 3553 qualicunque
1360 3467 1486 3529 alia
1529 3467 1610 3530 de
1655 3486 1849 3530 causa

266 3621 275 3627 -
355 3569 550 3633 nobis
593 3568 837 3654 ignota.
917 3565 1344 3633 confidenter
1394 3569 1639 3645 adserit
1671 3568 1850 3638 Vail·

357 3670 597 3733 lautius
626 3667 729 3748 b),
786 3670 855 3733 id
914 3691 1123 3755 genus
1163 3692 1398 3733 numos
1454 3670 1658 3742 fuisse
1699 3691 1850 3756 per·

353 3793 585 3837 cussos
643 3774 714 3836 in
758 3773 987 3856 Syria,
1045 3769 1391 3856 additque:
1456 3777 1695 3846 Romae
1733 3793 1850 3836 nu-

352 3897 492 3940 mos
536 3898 622 3941 σω
672 3886 938 3958 argento
988 3878 1310 3937 maaee'mos
1355 3893 1484 3940 non
1520 3878 1850 3947 observem·

357 3980 670 4061 siquam,
700 3982 875 4063 quod
899 3980 1020 4039 hac
1036 3978 1538 4056 fot-saumonem
1554 3998 1686 4042 non
1715 3987 1853 4039 ute-

254 4125 271 4136 .
354 4091 573 4144 rentur
610 4082 909 4146 Romani.
957 4079 1043 4164 ᾼι
1077 4077 1350 4142 nimium
1388 4092 1640 4143 temere
1672 4074 1848 4140 istud

314 4215 323 4226 ·
355 4179 679 4245 statuitur.
741 4181 1102 4244 Enimvero
1149 4178 1214 4248 in
1254 4193 1515 4245 moneta
1548 4179 1849 4266 Augusti,

353 4295 427 4342 et
452 4282 875 4366 sequentium.
894 4281 1363 4366 imperatorum
1398 4283 1850 4357 animadverti,

355 4404 595 4448 numos
642 4397 991 4470 argenteos
1043 4403 1459 4460 communem
1508 4385 1849 4452 modulum

352 4486 793 4563 excedentes,
848 4489 975 4552 etsi
1015 4487 1247 4551 Latine
1302 4486 1698 4570 inscriptos,
1758 4499 1852 4550 ta-

3316 450 3462 521 31²

1967 629 2121 675 men
2164 608 2232 676 in
2275 605 2547 672 urbibus
2593 607 2865 677 Graecis
2925 629 3071 677 esse
3132 613 3460 702 signatos3

1968 731 2202 776 verum
2244 709 2421 775 istud
2451 712 2794 778 ‚statuendi
2833 734 3065 779 causae
3097 732 3283 786 erant
3316 721 3463 805 plu·

1969 832 2121 898 res,
2182 827 2362 899 quas
2404 826 2545 875 tum
2607 818 3139 883 commemoravi.
3221 821 3310 884 At
3367 822 3480 900 his

1973 1018 2445 1101 inscriptione,
2503 1039 2720 1105 neque
2761 1023 2968 1104 typo‚'
2997 1042 3213 1110 neque
3269 1025 3466 1089 alior-

1975 1140 2117 1183 sum
2161 1117 2511 1205 quidquam
2562 1122 2901 1208 peregrini
2936 1137 3299 1203 ostentant,
3344 1127 3464 1191 sed

1972 1221 2287 1285 fabricam
2325 1220 2506 1284 urbis
2540 1238 2769 1306 aperte
2816 1211 3231 1309 profitentur.
3313 1228 3466 1313 Aja-

1974 1322 2530 1408 bamprincipio,
2577 1324 2769 1411 hujus
2811 1327 3064 1391 formae
3113 1342 3464 1413 argenteos

1973 1427 2128 1491 inde
2161 1451 2199 1491 a
2229 1428 2563 1495 Gordiano
2591 1431 3003 1514 frequentius
3053 1453 3263 1498 cusos.
3329 1436 3464 1500 Iam

1974 1528 2146 1591 enim
2168 1546 2319 1595 ante
2337 1531 2561 1610 illum,
2599 1533 2723 1595 etsi
2742 1533 3076 1616 perpauci,
3115 1533 3466 1599 observan-

1972 1642 2105 1694 tur.
2132 1632 2428 1728 *Quippe
2466 1634 2852 1701 Vaillantius
2905 1650 3225 1698 memorat
3262 1658 3464 1698 unum

1976 1731 2248 1799 Severi:
2327 1735 2833 1803 VICTORIAE.
2909 1738 3318 1805 AVGVSTI.
3385 1743 3463 1818 0).

1971 1833 2161 1896 Alius
2214 1834 2282 1898 in
2348 1858 2575 1901 museo
2638 1836 3027 1901 Florentino
3089 1841 3478 1904 Mamaeaez-

1965 1935 2437 2030 AEQVITAS.
2471 1941 2849 2018 PVBLICA
2891 1955 3049 2025 typo
3092 1940 3293 2003 trium
3324 1961 3465 2004 mo·

1968 2051 2293 2102 netarum.
2360 2039 2511 2103 Duo
2556 2041 2892 2105 Maximini
2938 2044 3004 2104 in
3037 2062 3264 2106 museo
3301 2044 3467 2106 Cae·

1967 2142 2725 2240 sareoz'AEQVlTAS.
2786 2141 3168 2214 AVGVSTI
3224 2142 3463 2211 eodem

1969 2256 2154 2330 ¹59⁰·
2335 2271 2352 2290 ⁸

2222 2467 2425 2529 Numa·
2463 2439 2795 2531 commatis
2825 2473 3158 2552 pereqn'm’
3171 2493 3197 2534 s
3257 2483 3268 2492 “

2093 2649 2312 2738 Hujus
2340 2652 2565 2716 classis
2583 2673 2818 2724 numos
2846 2667 2975 2717 tam
3009 2655 3270 2722 urbium
3296 2657 3463 2722 libe·

1966 2774 2226 2831 rarum,
2294 2773 2487 2839 quam
2535 2753 2977 2833 coloniarum,
3048 2772 3116 2822 et
3177 2760 3460 2824 Alexan·

1968 2852 2194 2918 drinos
2230 2874 2466 2938 magna
2494 2855 2684 2939 cop'ia
2705 2877 3054 2941 superesse
3087 2859 3332 2945 singuli
3355 2882 3461 2925 caa-

1964 2957 2172 3040 talogi
2211 2956 2485 3032 docent,
2530 2972 2825 3026 ceterum
2861 2962 3198 3047 speciatim
3237 2960 3322 3026 de
3357 2963 3459 3030 his
3543 3025 3558 3032 -

1932 3051 2131 3121 ‘nihil
2177 3056 2682 3122 observandum.

2366 3279 2650 3345 Nomina
2673 3325 2693 3360 ,
2711 3293 2718 3298 '
2738 3302 2819 3346 ac
2843 3287 3043 3348 tituli.

2093 3467 2433 3532 Antonius.
2456 3467 2549 3532 Ita
2574 3466 2750 3542 hunc
2769 3489 3032 3556 quoque
3047 3468 3455 3537 Gordianum

1963 3581 2266 3633 vocatum
2290 3612 2307 3643 ,
2350 3590 2481 3632 non
2515 3569 2949 3652 Antoninum,
2992 3573 3065 3635 in
3099 3574 3452 3652 Gordianis

1958 3670 2291 3737 Africanis
2325 3669 2746 3755 ¹disputatum.

2088 3777 2279 3848 Plus,
2324 3775 2533 3845 fflix.
2580 3772 2730 3869 Quo
2764 3788 3066 3859 tempore
3099 3777 3204 3842 his
3243 3779 3454 3846 titulis

1962 3874 2060 3938 uti
2116 3873 2454 3957 coeperit,
2511 3873 2761 3938 dictum
2805 3897 3021 3959 ·supra
3077 3878 3160 3944 ad
3212 3901 3452 3952 annum

1960 3979 2044 4048 V.
2076 3978 2148 4041 C.
2185 3994 2331 4063 qqt.

2532 4074 2899 4164 0⁵*-

2088 4180 2193 4242 De
2226 4178 2592 4253 consulatu,
2635 4177 2788 4244 trib.
2806 4173 3171 4268 potestate,
3216 4199 3284 4250 et
3321 4199 3456 4251 ter·

1963 4280 2156 4342 minis
2189 4280 2332 4363 ejus
2355 4281 2618 4367 imperii
2652 4282 3082 4365 opportunius
3114 4301 3350 4374 agetur
3381 4288 3450 4354 in

1958 4386 2279 4453 -Tractatu
2311 4381 2398 4455 de
2434 4383 2586 4456 trib,
2619 4398 2964 4469 potestate.

417 4722 483 4796 a)
520 4718 698 4786 Num.
736 4727 954 4796 praest.
993 4715 1071 4775 T.
1104 4712 1177 4772 11.
1219 4734 1278 4792 p.
1317 4714 1450 4778 316.
1592 4710 1665 4787 b)
1703 4710 1742 4769 1.
1781 4729 1833 4772 c.

1983 4713 2043 4785 c)
2082 4708 2256 4774 Num.
2295 4724 2512 4789 praest.
2552 4715 2624 4773 T.
2655 4715 2725 4773 11.
2765 4738 2827 4797 p.
2865 4729 2991 4783 227.
