4475 5584
1136 469 1231 575 σε
1870 462 1967 535 Μ.
2070 393 3592 567 AVREles.·ANTON1NVS.-—

1144 671 1399 715 morum
1442 669 1602 733 prae
1659 668 1728 710 se
1774 646 1929 711 tulit
1975 646 2409 729 singularem,
2456 660 2631 705 amo·

1122 757 1282 815 'rem
1316 752 1477 814 vero
1509 772 1543 811 a
1580 769 1789 833 puero
1811 749 1893 810 ad
1911 767 2139 810 severa
2172 743 2629 828 philosophiae

1138 850 1350 915 studia
1378 849 1834 912 incredibilem
1853 890 1872 923 ,
1918 849 2011 911 sic
2042 859 2113 908 ut
2144 846 2490 910 duodecim
2522 865 2631 906 an-

1138 972 1257 1015 nos
1328 964 1515 1013 natus
1589 949 1968 1034 philosophi
2039 948 2330 1011 habitum
2417 947 2628 1029 palam

1139 1053 1549 1127 adsumeret,
1624 1063 1692 1112 et
1762 1051 2078 1133 deinceps
2143 1049 2213 1109 in
2295 1045 2631 1110 tradendis

1141 1174 1398 1217 morum
1445 1150 1852 1236 praeceptis,
1925 1150 2091 1234 quae
2142 1149 2284 1232 ipse
2330 1148 2630 1233 pluribus

1143 1254 1330 1317 libris
1362 1252 1689 1335 hodieque
1744 1249 2201 1336 superstitibus
2249 1251 2632 1334 complexus

1140 1368 1277 1428 est,
1323 1369 1459 1416 tum
1508 1372 1705 1427 vero,
1763 1352 1940 1436 quod
1982 1350 2260 1433 amplius
2307 1361 2442 1423 est,
2501 1347 2632 1409 vita

1141 1455 1501 1520 secundum
1536 1474 1613 1516 ea
1649 1451 2051 1516 sanctissime
2082 1446 2477 1512 instituenda
2497 1467 2634 1508 om·

1138 1559 1238 1620 nis
1293 1554 1521 1619 aetatis
1567 1553 1921 1636 sapientiae
1978 1552 2634 1634 magistrossupera·

1135 1674 1279 1733 ret,
1343 1658 1556 1720 dictus
1611 1666 1963 1738 propterea
2025 1674 2059 1714 a
2121 1650 2475 1713 Iustiniano
2538 1657 2635 1724 φι-

1128 1762 1598 1836 λασοφωτατος,
1646 1754 1713 1815 id
1750 1767 1886 1815 est:
1933 1754 2036 1832 (ut
2076 1773 2222 1815 cum
2260 1765 2487 1815 vetere
2537 1751 2634 1811 in-

1137 1871 1432 1942 terprete
1469 1856 1739 1939 loquar)¹
1762 1858 2358 1933 philosophi-nimus
2389 1850 2482 1932 ⁸),
2526 1870 2640 1917 cu-

1137 1962 1242 2043 jus
1312 1956 1798 2030 testimonium,
1856 1967 1928 2015 ut
1965 1955 2088 2016 alia
2145 1955 2449 2018 abessent
2497 1974 2638 2018 om-

1139 2063 1247 2124 nia
1267 2105 1286 2137 ,
1315 2057 1904 2141 locupletissimum
1942 2055 2311 2138 suppeditat
2338 2056 2635 2140 epistola,

1130 2181 1335 2246 <quam
1395 2158 1478 2222 ad
1524 2157 1800 2221 fratrem
1855 2158 2106 2224 Verum
2162 2158 2228 2219 in
2293 2157 2636 2222 Orientem

1142 2260 1410 2345 scripsit
1449 2258 2001 2342 ‚conservavitque
2050 2259 2392 2326 Vulcatius
2439 2260 2638 2322 Galli-

1141 2384 1341 2428 canus
1369 2358 1473 2441 b),
1504 2359 1727 2444 paucis
1757 2358 1977 2424 verbis
2010 2362 2418 2444 complexam
2452 2376 2639 2425 seve-

1138 2463 1440 2526 rissimae
1507 2461 1768 2525 virtutis
1828 2475 2177 2545 praecepta
2236 2464 2486 2537 omnia,
2570 2477 2638 2525 et

1128 2585 1258 2648 qua
1332 2564 1628 2648 perlecta
1709 2559 2027 2625 fatebitur
2096 2564 2376 2647 quisque
2411 2610 2429 2638 ‚
2503 2585 2637 2627 non

1140 2667 1302 2728 alias
1322 2665 1670 2748 magistrae
1687 2662 2141 2747 philosophiae
2171 2666 2502 2726 alumnum
2526 2666 2638 2727 ob-

1136 2766 1628 2851 sequentiorem
1668 2764 1734 2824 in
1768 2764 2183 2849 disciplinam
2208 2766 2413 2829 fuisse
2441 2768 2639 2829 tradi-

1126 2884 1291 2932 tum.
1380 2870 1474 2929 As.
1535 2865 1713 2951 quod
1774 2867 2054 2929 maxime
2114 2870 2411 2931 Marcum
2476 2888 2634 2932 vere

1126 2969 1595 3055 philosophum
1631 2968 2053 3050 comprobat,
2091 2967 2260 3030 illud
2278 2984 2399 3047 est,
2434 2970 2634 3053 quod,

1136 3093 1287 3135 cum
1338 3071 1636 3133 Stoicum
1680 3070 1797 3131 ille
1841 3069 2208 3131 institutum
2261 3091 2393 3132 non
2437 3071 2633 3134 modo

1133 3171 1600 3255 profiteretur,
1647 3170 1764 3231 sed
1796 3183 1862 3232 et
1894 3170 2183 3232 numeris
2204 3170 2504 3234 omnibus
2522 3175 2644 3235 im-

1134 3272 1374 3353 pleret,
1412 3270 1555 3353 ipse
1591 3262 1882 3333 diversas
1914 3283 2124 3333 sectas
2143 3272 2480 3354 professos
2508 3295 2641 3335 non

1144 3372 1343 3434 modo
1386 3372 1712 3454 patienter
1743 3372 1973 3446 ferret,
2021 3369 2140 3433 sed
2168 3373 2403 3435 eodem
2424 3375 2640 3452 etimn,

1132 3492 1270 3555 quo
1328 3492 1505 3533 suam
1528 3516 1546 3547 ‚
1592 3474 1742 3535 loco
1778 3486 2041 3555 putaret
2072 3486 2139 3536 et
2177 3489 2447 3538 ornaret
2483 3497 2641 3559 quo-

1133 3594 1304 3657 que,
1384 3592 1533 3635 cum
1591 3574 1702 3636 alii
1761 3575 1963 3656 vulgo
2022 3573 2216 3638 aliter
2281 3578 2639 3640 sentientes

1102 3680 1298 3767 ,odiis
1334 3693 1399 3741 et
1431 3675 1657 3740 bellis
1677 3670 2024 3749 ἀ’σπονδοις
2052 3686 2639 3762 ,Ρετεεᾳυετοηῑιιγὲ

1020 3851 1024 3855 ⁴
1127 3780 1396 3843 Etenim
1447 3779 1604 3853 ille,
1650 3791 1722 3840 nt
1767 3778 2119 3862 sapientiae
2167 3780 2448 3849 studium
2488 3802 2641 3865 pro·

1128 3896 1467 3958 moveret,
1535 3880 1812 3963 singulis
1860 3880 2404 3965 philosophorum
2443 3904 2637 3965 gene·-

1050 3987 1054 3991 ⁴
1126 3984 1344 4060 ribus,
1418 4002 1552 4045 non
1634 3981 1832 4044 mode
1898 3982 2175 4059 Stoicis,
2251 3985 2633 4058 Platonicis,

1130 4084 1627 4169 Peripateticis,
1706 4081 1857 4159 sed,
1893 4081 2094 4168 ⁸quod
2139 4084 2418 4160 mirere,
2482 4087 2637 4169 Epi-

1130 4186 1349 4249 cureis
1393 4205 1697 4271 quoque,
1745 4184 2052 4247 salarium
2095 4186 2395 4269 locuples
2434 4187 2633 4251 Athe·

1130 4289 1262 4350 nis.
1298 4287 1669 4360 constituit,
1747 4285 1873 4360 ita,
1933 4300 2004 4348 ut
2057 4286 2448 4370 unicuique,
2519 4290 2630 4372 qui

1126 4388 1531 4469 juventutem
1604 4386 1917 4457 doceret,
2013 4388 2376 4471 praemium
2457 4406 2632 4454 esset

1241 4645 1303 4713 a)
1345 4637 1492 4697 cod,
1532 4637 1594 4693 L.
1624 4638 1699 4694 V.
1732 4635 1816 4693 tit.
1852 4649 1936 4699 17.
1972 4637 2002 4707 ᾗ
2037 4647 2121 4696 12.

2289 4636 2362 4709 b)
2399 4636 2614 4697 in'vita
2645 4642 2846 4700 Avidii
2875 4645 3036 4703 Cass·

2744 640 3016 724 aequale
3043 639 3129 719 ὓ).
3181 638 3414 723 Neque
3428 657 3591 703 vero
3612 637 3704 717 is,
3738 637 3850 724 qui
3869 638 4220 722 tranquillis

2743 740 3199 824 philosophiae
3256 741 3485 803 studiis
3540 741 3833 827 apprime
3871 739 4222 802 delectaba-

2743 853 2889 916 tur,
2945 861 3080 904 non
3139 843 3336 904 etiam
3385 841 3468 905 ad
3536 862 3647 904 res
3709 839 4030 925 agendas,
4094 838 4220 903 sive

2744 942 2962 1026 pacis,
3017 938 3181 1007 sire.
3215 941 3378 1003 belli
3432 941 3698 1025 negotia
3748 956 4042 1025 spectes,
4105 944 4221 1003 sin·

2747 1042 3042 1125 gularem
3083 1041 3303 1104 attulit
3335 1042 3770 1117 alacritatem,
3815 1057 4009 1127 atque
4036 1042 4219 1105 animi

2745 1144 2951 1207 robur
3027 1140 3462 1218 indefessum,
3537 1158 3604 1206 et
3676 1144 3801 1207 fuit
3868 1143 4219 1207 communis

2745 1243 3140 1328 praeteritae
3199 1245 3427 1306 aetatis
3473 1265 3744 1323 sensus,
3823 1244 3950 1306 nisi
3990 1243 4073 1306 ad
4116 1244 4219 1307 illa

2748 1358 3044 1427 tempora
3077 1359 3449 1408 reservatus
3486 1345 3717 1408 fuisset
3735 1345 4065 1421 Aurelius,
4100 1344 4226 1429 qui·

2745 1445 2868 1509 bus
2894 1467 3086 1509 saeva
3116 1447 3262 1509 lues
3283 1491 3300 1523 ,
3346 1447 3521 1508 bella
3555 1447 3875 1539 maximis,
3922 1467 4089 1531 quae
4124 1467 4227 1508 un·

2748 1570 2940 1634 quam
2988 1548 3215 1625 fuere,
3261 1548 3733 1632 aequiparanda
3760 1592 3780 1623 ,
3824 1547 4069 1621 fames,
4118 1561 4234 1611 ter-

2747 1670 2861 1711 rae
2909 1662 3124 1711 motus
3157 1670 3281 1731 per
3313 1648 3528 1710 Asiam
3554 1694 3570 1724 ,
3632 1647 4087 1711 inundationes
4118 1647 4228 1711 ssu-

2747 1751 3034 1837 minum,
3080 1749 3334 1833 aliaque
3386 1750 3597 1812 omnis
3636 1750 3900 1834 generis
3946 1751 4115 1813 mala
4168 1749 4227 1810 in

2749 1851 3012 1936 imperii
3045 1851 3408 1935 perniciem
3446 1848 3899 1931 conjuravere,
3944 1872 4087 1913 rem
4112 1855 4232 1914 Ro-

2752 1975 3006 2015 manam
3053 1953 3234 2016 velut
3284 1940 3414 2015 tfno
3451 1952 3640 2035 lapsu
3693 1951 3896 2037 fuisse
3944 1953 4231 2016 interitu·

2752 2078 2911 2119 ram.
2960 2054 3144 2150 Quae
3180 2054 3357 2117 bella
3393 2068 3702 2130 externa,
3749 2069 3814 2117 et
3862 2068 4101 2147 quanta
4146 2054 4234 2117 fe·

2753 2158 3037 2233 licitate,
3082 2170 3150 2218 et
3193 2156 3471 2218 Romani
3514 2155 3797 2218 nominis
3848 2156 4060 2242 gloria
4105 2174 4237 2240 ges-

2754 2261 2949 2337 serit,
3031 2259 3099 2320 in
3152 2256 3487 2320 annalibus
3537 2258 3978 2342 exposuimus.
4064 2256 4229 2319 Idem

2749 2361 3045 2423 liberalis
3086 2357 3391 2444 publice,
3440 2358 3619 2420 domi
3654 2380 3806 2421 suae
3834 2380 4111 2445 parcus,
4153 2372 4235 2421 at-

2753 2483 2879 2548 que
2945 2481 3028 2524 ne
3106 2460 3502 2523 tributorum
3583 2480 3787 2523 onere
3862 2460 4233 2544 provinciae

2751 2564 3323 2648 opprimerentur,
3381 2561 3734 2647 providus,
3799 2562 3909 2638 qui
3954 2562 4020 2624 in
4080 2548 4232 2626 belli

2748 2664 3216 2728 Marcomanici
3277 2665 3609 2746 sumptus,
3667 2675 3739 2724 ut
3786 2662 4036 2725 civibus
4101 2685 4226 2748 par

2753 2781 2972 2845 cerat,
3046 2767 3182 2851 ipsa
3233 2764 3454 2848 palatii
3518 2778 3933 2840 ornamenta,
4008 2765 4237 2848 pocula

2753 2891 2984 2943 aurea,
3066 2865 3478 2948 crystallina,
3563 2864 3932 2938 murrhina‚
3998 2880 4237 2929 vestem

2753 2970 3048 3034 uxoriam
3083 2970 3397 3044 sericam,
3440 2986 3730 3052 gemmas
3761 2966 4078 3031 vendidit.
4162 2970 4240 3028 At

2756 3073 2937 3136 nulla
2972 3072 3096 3135 alia
3135 3070 3377 3157 virtute
3411 3068 3673 3155 anagia,
3719 3090 3909 3152 quam
3942 3069 4244 3147 [clemen-

2755 3177 2864 3252 tia,
2910 3187 3103 3260 atque
3126 3172 3324 3236 animi
3355 3170 3621 3232 lenitate
3659 3170 4088 3253 gloriabatur,
4125 3192 4243 3256 qua

2750 3299 2884 3339 non
2935 3276 3135 3339 modo
3193 3293 3460 3336 suorum
3489 3271 3680 3348 vitia,
3731 3285 3798 3334 et
3842 3273 4056 3335 illatas
4114 3271 4234 3334 sibi

2755 3378 3025 3463 injurias
3059 3377 3241 3440 nullo
3274 3394 3563 3461 poenae,
3611 3388 3718 3437 aut
3754 3374 4080 3437 vindictae
4121 3388 4246 3436 stu·

2758 3478 2867 3542 dio
2896 3478 3201 3563 pertulit,
3236 3498 3465 3541 verum
3501 3478 3899 3538 et.exteruis
3926 3475 4242 3548 hostibus,

2751 3597 2949 3666 atque
2999 3582 3077 3643 iis
3143 3598 3439 3666 quoque,
3507 3577 3622 3663 qui
3664 3579 3732 3639 in
3786 3585 3980 3662 caput
4029 3599 4239 3652 suum,

2753 3705 2831 3747 ac
2859 3682 3239 3767 sanguinem
3278 3677 3748 3760 conjuravere,
3810 3677 4005 3743 facile
4036 3678 4246 3741 indul·

2755 3787 2858 3849 sit.
2945 3788 3030 3848 At
3075 3782 3248 3845 enim
3299 3795 3432 3844 tum
3468 3800 3731 3865 quoque
3758 3781 4001 3863 patuit,
4048 3781 4250 3844 virtu·

2752 3902 2886 3950 tem
2918 3887 3123 3970 ipsam
3147 3929 3163 3958 ,
3211 3900 3358 3947 cum
3393 3881 3588 3944 nimis
3641 3883 3902 3964 evagari
3939 3883 4243 3965 patimur,

2753 3991 2819 4051 in
2867 3986 3292 4072 opprobrium
3316 4026 3333 4058 ,
3371 4003 3445 4046 ac
3476 4003 3669 4065 saepe
3712 3984 4071 4066 perniciem
4104 4006 4249 4048 ver-

2751 4105 2916 4153 tere.
2999 4092 3163 4152 Nam
3200 4086 3377 4170 quod
3411 4088 3493 4148 L.
3520 4086 3768 4152 Verum
3813 4084 4072 4169 pridem
4126 4107 4248 4172 per

2754 4191 3112 4254 domestica
3177 4186 3423 4271 flagitia
3473 4186 3842 4272 cognitum,
3909 4201 4105 4272 atque
4169 4208 4246 4250 ea

2753 4307 3027 4378 propter
3074 4290 3154 4353 ab
3188 4290 3520 4353 Antonino
3569 4288 3691 4350 Pio
3733 4288 4097 4372 despicatui
4141 4290 4253 4351 ha·

2748 4393 2996 4471 bitum,
3044 4414 3174 4455 non
3212 4390 3408 4453 modo
3448 4403 3727 4473 cogente
3781 4390 4074 4466 nemine,
4125 4390 4254 4453 ‘sed

3193 4642 3274 4717 c)
3295 4638 3544 4697 Lucian.
3577 4637 3654 4695 in.
3670 4635 3985 4695 Eunucho.
4049 4634 4255 4695 Philo·

1134 4741 1350 4788 stratus
1381 4727 1518 4787 vita
1552 4725 1737 4803 Soph.
1768 4722 1831 4781 L.'
1866 4727 1938 4784 11.
1989 4727 2017 4798 §
2049 4737 2101 4786 2.
2152 4726 2284 4783 Dio.
2318 4726 2382 4783 L.
2421 4724 2626 4788 LXXI.
2663 4733 2708 4806 §.
2751 4743 2839 4797 31.
2887 4730 2896 4745 ‘
