4475 5584
1367 493 2087 574 ANToNles
2187 500 2487 575 PIVS.
2867 449 2871 453 ⁵
3413 522 3538 587 21.

406 680 488 743 A.
694 676 1157 746 ANTONINV
1160 678 1227 741 S.
1259 666 1457 745 A'VG.
1491 680 1707 748 PIVs.
1737 680 1812 742 P.
1830 680 1908 742 P.

703 784 840 845 ΤΒ.
887 780 977 840 P:
1014 779 1224 841 x1111.
1274 784 1493 860 vaput
1526 785 1905 859 laureatum,

420 906 431 915 ·
700 886 807 965 vel
829 886 1066 944 nudum
1084 925 1101 956 ,
1145 883 1216 942 ὄπ
1239 884 1386 944 AV.
1408 886 1544 944 AB.
1580 887 1723 946 ΑΕ.
1750 886 1804 946 Ι.

402 985 487 1046 Β.
696 984 871 1046 mr.
934 981 1175 1045 GAES.
1234 984 1314 1046 Τ.
1374 982 1576 1047 AEL.
1635 984 1908 1047 HADR.

702 1078 1236 1149 ANTONINVS.
1303 1082 1511 1149 AVG.
1560 1084 1785 1148 PIVS.
1829 1086 1907 1144 P.

692 1184 773 1245 P.
820 1186 1023 1262 Caput
1065 1186 1425 1246 laureatum
1445 1227 1464 1257 ,
1506 1187 1616 1245 vel
1648 1189 1905 1261 nudum,

702 1288 771 1346 ia
814 1287 958 1347 AV.
1002 1287 1144 1349 Aa.
1188 1286 1333 1347 ΑΕ.
1377 1287 1433 1345 Ι.
1475 1286 1565 1346 ΙΙ.

405 1586 603 1652 COS.
653 1490 795 1648 II'IIIe.
814 1488 1117 1654 gaz-et
1137 1538 1347 1651 eboris
1375 1588 1563 1669 typis,
1612 1584 1748 1654 AV.
1765 1584 1904 1649 AR.

406 1690 548 1752 ΑΕ.
596 1689 648 1749 I.

1140 1888 1180 1930 Ἰ

975 1933 1016 1972 αι
1305 1932 1346 1971 ιι

703 1998 786 2054 Vt
825 1996 923 2054 lit.
964 1996 1046 2055 A.

362 2160 371 2173 ,
408 2092 853 2157 LAET1T1A.
898 2091 1092 2156 cos.
1128 2092 1270 2152 1111.
1318 2092 1502 2154 Duae
1526 2094 1777 2174 fiyurae
1811 2078 1903 2153 to-

402 2207 632 2281 gatae,
676 2216 946 2278 quarum
977 2216 1111 2257 aaa
1162 2198 1229 2256 d.
1258 2198 1425 2255 duaa
1459 2196 1671 2272 spicas
1713 2199 1900 2265 tenet,

406 2302 617 2363 altera
632 2299 897 2360 sinistra
905 2298 1183 2376 ylobum.
1209 2295 1346 2363 AV.
1365 2290 1446 2375 ⁸).
1479 2296 1552 2354 ln
1570 2292 1736 2355 alio:
1768 2296 1906 2354 Mu·

408 2404 535 2463 It‘er
552 2411 731 2461 stans
759 2402 821 2462 d.
861 2400 1105 2476 spicas,
1140 2418 1194 2460 a.
1221 2417 1479 2477 pomum
1502 2439 1519 2470 ,
1565 2399 1905 2475 cnjusyre-

406 2505 604 2567 mium
628 2504 883 2580 puellus
915 2502 1334 2577 amplectitur.
1378 2498 1520 2563 AV.
1568 2493 1660 2573 ¹’).

536 2601 878 2685 Ingeniosa
915 2614 1016 2663 est
1062 2599 1410 2683 explicatio
1465 2597 1546 2660 cl.
1578 2594 1898 2671 visconti,

404 2703 523 2790 qui
549 2701 617 2763 in
654 2723 853 2774 numo
885 2702 1112 2786 priore
1137 2702 1449 2763 Cererem
1472 2697 1647 2763 videt
1668 2740 1686 2773 ,
1732 2718 1897 2783 quae

400 2818 740 2889 repertam
782 2801 949 2885 apud
1003 2801 1255 2865 inferos
1314 2798 1516 2863 filiam
1557 2798 1902 2882 Proserpi-

392 2927 556 2969 nam
586 2904 844 2969 reducit
888 2905 976 2987 e).
1016 2903 1199 2967 Istud
1224 2902 1279 2965 si
1310 2922 1564 2977 verum,
1597 2898 1689 2976 id,
1721 2897 1899 2982 quod

396 3006 802 3090 Proserpina
844 3027 1038 3068 manu
1096 3005 1356 3067 sinistra
1405 3001 1698 3085 stringit,
1761 3021 1897 3064 non

396 3108 536 3173 erit
572 3107 845 3193 globus,
892 3120 965 3169 ut
1009 3105 1223 3168 visum
1264 3103 1729 3180 Mediobarbo,
1775 3101 1897 3166 sed

394 3208 652 3271 malum
692 3206 1046 3284 Punicum,
1092 3206 1279 3289 cujus
1328 3208 1479 3268 e‘sus
1525 3203 1687 3267 deae
1736 3204 1897 3269 fata·

394 3310 490 3374 lis
529 3310 687 3386 fuit,
749 3322 823 3372 ut
861 3308 1072 3371 refert
1119 3305 1397 3370 Ovidius
1439 3303 1540 3387 d),
1568 3300 1892 3391 'essetque

399 3412 574 3477 adeo
645 3411 865 3497 imago
930 3411 1094 3474 haec
1153 3407 1484 3473 celebrata
1540 3408 1892 3472 Praxitelis

386 3530 764 3598 παταεγωα,
822 3513 1133 3575 nimirum
1178 3512 1382 3575 Ceres
1427 3509 1892 3593 Proserpinam

394 3615 483 3680 ab
514 3614 748 3679 inferis
777 3614 1103 3678 reducens
1149 3615 1204 3694 e)
1226 3659 1245 3691 ‚
1299 3611 1546 3675 illustri
1580 3630 1736 3675 sane
1761 3611 1895 3673 lae·

390 3718 585 3781 tiliae
630 3728 1053 3803 argumento,
1100 3714 1358 3799 quando
1404 3712 1597 3777 matri
1643 3712 1894 3776 contin·

393 3839 566 3905 gere
632 3817 868 3881 laetius
920 3815 1086 3877 nihil
1144 3827 1394 3899 potest,
1466 3835 1659 3900 quam
1701 3834 1893 3898 repe-

388 3922 539 3985 rire
573 3918 773 3983 filiam
808 3931 1057 4002 raptam
1079 3960 1097 3993 ,
1142 3930 1210 3980 et
1238 3914 1598 3980 retrahere.
1661 3913 1891 3978 Altera

385 4020 721 4085 sententia
737 4018 863 4081 fuit
880 4017 1137 4094 Oiselii,
1170 4018 1616 4094 existimantis,
1652 4018 1890 4081 utrius-

389 4142 529 4209 que
580 4120 877 4184 mulieris
917 4119 1201 4206 imagine
1234 4120 1515 4205 proponi
1549 4117 1706 4182 du'as
1724 4120 1887 4182 Fau-

386 4223 599 4288 stinas
629 4223 991 4306 Augustas,
1037 4234 1107 4284 et
1146 4219 1475 4285 seniorem
1511 4219 1774 4306 quidem
1795 4220 1891 4282 in·

384 4339 531 4391 star
590 4323 855 4389 Cereris
908 4344 1059 4388 cum
1116 4321 1317 4408 spicis
1339 4365 1356 4399 ,
1409 4320 1737 4405 juniorem
1790 4320 1887 4382 in·

500 4568 569 4639 a)
606 4563 847 4624 Tristan
877 4565 1199 4624 Commeat.
1244 4562 1381 4622 hist.
1426 4564 1497 4620 Τ.
1529 4561 1574 4624 I.
1605 4559 2415 4643 p1.xl1.Catal.dEnne1y
2450 4582 2514 4638 p.
2548 4570 2672 4624 208.
2705 4559 2962 4618 Mediob.

1708 4651 1777 4728 d)
1815 4656 2042 4713 Metam.
2072 4653 2138 4709 L.
2175 4650 2250 4710 V.
2286 4670 2342 4708 v.
2373 4660 2503 4714 533
2534 4668 2658 4727 seq.

772 4746 829 4820 O
867 4744 1041 4809 Thes.
1069 4745 1170 4807 sel.
1209 4764 1369 4805 num.
1406 4763 1467 4822 p.
1495 4750 1624 4811 337.
1734 4747 1800 4820 g)
1838 4742 1986 4805 nist.
2012 4754 2130 4802 nat.
2160 4738 2319 4800 LV.
2368 4744 2415 4815 ς.
2459 4752 2546 4803 10.

381 4660 451 4731 c)
489 4657 644 4715 uus.
698 4656 829 4716 Pio.
869 4653 1052 4715 elem.
1084 4656 1251 4713 Tom.
1290 4654 1337 4715 1.
1374 4674 1437 4733 p.
1468 4663 1558 4729 9⁵

374 4768 449 4826 P·
488 4756 621 4823 953·

2024 695 2159 746 star
2197 685 2479 751 Veneris
2518 704 2666 750 cum
2703 704 2905 769 pomo
2948 676 3068 750 suo
3113 683 3192 769 ί).
3261 691 3515 753 Neuter

2019 785 2127 848 vir
2173 785 2468 849 eruditus
2523 784 2605 848 ad
2652 808 2921 850 numum
2955 788 3269 866 alterum,
3315 812 3512 875 quem

1968 929 1986 947 .
2025 903 2108 947 ex
2169 887 2600 952 Mediobarbo
2651 886 2835 965 dedi,
2896 887 3159 952 reflexit
3203 891 3512 953 animum.

2025 989 2099 1048 In
2150 988 2279 1052 hoc
2329 989 2506 1052 enim
2557 1008 2693 1053 non
2739 989 3051 1052 mulieres
3081 990 3330 1070 binae,
3395 994 3516 1056 sed

2022 1089 2248 1163 unica,
2292 1090 2580 1152 laetitiae
2631 1098 2851 1172 partes
2890 1090 3203 1167 sustinet,
3266 1107 3333 1156 et
3373 1094 3516 1179 qui-

2024 1183 2173 1247 dem
2221 1188 2362 1269 sola
2411 1202 2762 1274 utrumque
2809 1192 3192 1274 praeferens
3242 1194 3515 1257 attribu·

2021 1300 2196 1363 tum,
2244 1288 2422 1372 quod
2453 1289 2524 1350 in
2573 1312 2776 1353 numo
2812 1290 3038 1375 priore
3073 1292 3247 1354 inter
3271 1307 3514 1357 utram·

2018 1406 2148 1470 que
2195 1386 2542 1450 mulierem
2573 1388 2853 1453 divisum
2888 1406 3026 1469 est,
3073 1395 3282 1476 spicas
3322 1396 3517 1460 intel-

2018 1486 2191 1572 ligo,
2256 1502 2325 1555 et
2383 1510 2689 1573 pomum,
2788 1505 2972 1554 certo
3021 1492 3186 1557 adeo
3241 1495 3511 1575 indicio,

2017 1586 2196 1649 idem
2223 1588 2293 1650 in
2323 1602 2604 1674 utroque
2640 1612 2839 1654 numo
2872 1608 3327 1678 argumentum
3355 1618 3512 1662 con·

2012 1687 2247 1765 tineri,
2293 1710 2509 1774 neque
2559 1690 2737 1753 “aliud
2779 1692 3020 1756 docere
3069 1697 3382 1760 mulieres
3413 1697 3512 1761 bi·

2009 1809 2161 1865 nas,
2201 1788 2381 1851 aliud
2416 1792 2793 1856 solitariam.
2852 1795 3251 1860 Gravissime
3289 1813 3510 1865 autem

2015 1891 2316 1974 peccavit
2358 1892 2681 1971 Oiselius,
2715 1893 2870 1956 dum
2910 1895 2978 1956 in
3008 1895 3325 1960 Antonini
3356 1919 3515 1964 con-

2017 1991 2232 2054 sulatu
2276 1994 2422 2070 1V.,
2470 2015 2662 2079 quem
2698 2017 2934 2059 numus
2978 2013 3332 2075 memorat,
3375 2000 3511 2065 huc

2018 2093 2238 2181 adegit
2269 2095 2643 2159 Faustinam
2679 2097 3046 2176 seniorem,
3093 2112 3258 2185 quae
3282 2102 3509 2185 plures

2016 2192 2147 2277 jam
2208 2207 2359 2257 ante
2414 2217 2616 2259 annos
2677 2199 2903 2262 vivere
2961 2200 3187 2279 desiit,
3253 2216 3320 2264 et
3369 2203 3512 2287 qui-

2020 2294 2172 2359 dem
2223 2295 2307 2359 ad
2381 2311 2840 2383 argumentum
2899 2303 3261 2379 Laetitiae,
3322 2304 3510 2387 cujus

2018 2397 2336 2459 memoria
2371 2397 2672 2462 tristitiae
2721 2400 2939 2482 potius
2974 2423 3167 2466 causa
3208 2405 3506 2470 essede-

2016 2496 2252 2562 buerat
2297 2497 2530 2560 uxorio
2578 2499 2930 2563 Antonino.
3016 2502 3298 2568 Omissis
3331 2526 3496 2590 ergo

2016 2598 2332 2682 speciosis
2371 2599 2473 2661 his
2532 2600 2962 2684 explicatibus
3011 2606 3503 2689 acquiescamus

2011 2701 2083 2763 in
2151 2699 2438 2785 simplici
2507 2700 2663 2778 illo,
2742 2702 2854 2785 qui
2922 2721 3336 2786 procuratam
3420 2729 3506 2771 ex

2013 2801 2225 2864 omnis
2265 2801 2527 2885 generis
2582 2801 2912 2865 fructuum
2949 2805 3335 2870 abundantia
3368 2810 3504 2872 lae-

2010 2903 2219 2966 titiam
2283 2901 2385 2964 his
2441 2901 2611 2985 typis
2667 2902 2944 2967 indicari
3005 2886 3283 2984 manin,
3367 2930 3499 2994 quo

2012 3002 2209 3068 modo
2251 3001 2506 3065 Plinius
2560 3020 2759 3087 agens
2794 3003 2875 3092 de
2910 3004 3094 3066 Nili
3074 3010 3499 3073 incrementis

2010 3104 2175 3167 dixit
2205 3123 2509 3189 quoque,
2542 3105 2723 3167 XIV.
2740 3109 2957 3167 cubita
2972 3111 3499 3173 hilaritatemad·

1996 3209 2202 3287 ferre,
2245 3210 2393 3270 XV.
2432 3209 2853 3283 securitatem,
2899 3210 3079 3272 XVI.
3110 3213 3381 3273 delicias
3413 3212 3499 3289 ε).

2005 3308 2197 3371 Alios
2232 3306 2520 3370 laetitiae
2541 3319 2729 3391 typos
2749 3307 3044 3372 dabimus
3060 3309 3284 3373 infra
3265 3334 3333 3374 in
3362 3334 3500 3375 mo·

2007 3421 2156 3473 neta
2184 3408 2531 3471 Faustinae
2562 3408 2699 3493 jun.

2128 3513 2317 3573 Haec
2376 3509 2693 3587 Laetitia,
2765 3531 2931 3595 quae
2989 3533 3163 3577 nunc
3210 3514 3496 3597 primum

2007 3612 2075 3674 in
2118 3611 2334 3673 numia
2364 3611 2694 3688 occurrit,
2749 3612 3134 3696 frequenter
3183 3613 3496 3702 deinceps

2006 3726 2309 3777 monetae
2370 3712 2785 3787 inscribitur,
2863 3726 2931 3775 et
2988 3715 3185 3777 variis
3230 3718 3494 3801 quidem

2007 3813 2243 3877 additis
2294 3812 2703 3891 nominibus,
2765 3834 2829 3877 v.
2877 3834 2932 3877 c.
2981 3819 3271 3879 Laetitia
3319 3824 3495 3901 Any.

2004 3949 2089 3962 —-
2152 3919 2519 3995 Temporum
2535 3959 2553 3990 ‚
2614 3948 2701 3961 —-
2748 3918 3014 3979 Publica
3058 3950 3146 3967 --
3197 3920 3492 3983 Fandata

2004 4028 2131 4080 etc.
2174 4034 2393 4098 neque
2451 4013 2730 4078 dubitari
2786 4002 3037 4101 potest,
3094 4017 3361 4100 publice
3426 4020 3492 4082 ei

2003 4116 2354 4181 constituta
2386 4114 2590 4178 fuisse
2625 4135 2843 4189 sacra,
2887 4116 3101 4200 qualia
3136 4117 3308 4182 facta
3327 4119 3486 4182 fuis-

2002 4239 2075 4282 se
2122 4215 2518 4281 Iucunditati
2575 4216 2853 4301 legimus
2911 4217 2986 4279 in
3033 4230 3258 4281 vetere
3317 4239 3483 4289 mar·

2001 4338 2188 4383 more
2221 4313 2326 4403 ιι)ε

2064 4416 2075 4445 l

3121 4561 3190 4633 h)
3223 4560 3482 4618 Mediob.

2806 4653 2867 4725 e)
2904 4650 3055 4708 Plin.
3096 4650 3164 4708 L.
3203 4650 3483 4710 XXXIV.

2694 4738 2764 4815 h)
2810 4742 2956 4799 Mus.
2988 4740 3211 4803 Veron.
3249 4760 3312 4819 p.
3354 4754 3478 4806 177.
