4475 5584
1490 450 2190 534 SALONINVS.

289 644 399 706 vel
412 638 1030 716 CONSECRATIO,
1049 640 1470 725 certissimum
1483 640 1786 705 habemus

290 746 653 815 saloninae
676 745 882 825 filium
894 763 926 818 ,·
969 744 1388 805 Mat-inimo
1418 743 1589 804 enim
1605 743 1789 822 filius

227 910 242 914 ,
293 851 698 913 consecratus
745 863 875 906 non
907 852 1020 905 est.
1087 843 1319 905 Contra
1344 861 1488 909 oum
1521 844 1786 906 additur

288 948 444 1011 Lle.
462 986 482 1020 ,
544 946 603 1005 e'a
648 945 771 1005 tibi
817 953 1181 1006 constanter·
1223 946 1565 1007 Valeriani
1604 944 1783 1025 filius

293 1056 463 1120 asto,
504 1061 745 1127 nempe
779 1043 1169 1111 Valerianus
1199 1044 1444 1129 junior.

416 1145 741 1229 Regulam
761 1144 1099 1211 Vaillantii
1126 1165 1258 1207 non
1281 1146 1504 1209 valere
1537 1143 1618 1209 ad
1649 1165 1787 1209 om-

289 1264 450 1322 nes,
493 1245 580 1308 de
629 1246 864 1332 quibus
913 1247 1497 1320 controvertitur„
1528 1266 1786 1335 numos,

292 1364 438 1419 eam
469 1334 633 1415 vero
658 1391 676 1423 ,
717 1368 910 1432 quaxn
956 1347 1226 1414 dietavit
1258 1346 1597 1425 lobertus,
1635 1363 1786 1409 esse

291 1448 563 1528 falsam,
605 1448 803 1513 facile
840 1449 1383 1530 demonstramus.

421 1549 700 1614 Nomina
729 1549 1060 1627 Salonini,
1106 1570 1271 1634 quae
1307 1549 1413 1612 vel
1445 1548 1571 1632 ipsi
1603 1547 1788 1613 numi

295 1650 578 1716 Romani
607 1651 988 1736 praeferunt
1007 1696 1026 1728 ‚
1070 1649 1260 1714 fuere
1288 1652 1363 1712 P.
1387 1649 1786 1713 LICINIVS.

300 1753 828 1822 CORNELIVS.
924 1751 1440 1819 SALONINVS.
1522 1747 1791 1816 VALE-

295 1853 641 1921 RIANVS.
683 1854 692 1867 “
728 1854 998 1917 Certum
1034 1865 1174 1927 est,
1228 1872 1502 1927 numos,
1547 1850 1612 1912 in
1651 1848 1792 1936 qui-

293 1954 419 2019 bus
454 1956 747 2024 Cornelii
785 1954 891 2017 vel
930 1952 1225 2016 Salonini
1253 1952 1513 2014 nomina
1548 1950 1792 2014 addun-

297 2071 448 2133 tur,
492 2056 828 2126 Valeriani
858 2054 999 2140 jun.
1035 2072 1181 2127 esse
1222 2075 1355 2117 non
1387 2072 1622 2138 posse,
1666 2051 1791 2116 etsi

239 2148 246 2155 ⁸
297 2158 411 2222 hic
464 2179 655 2235 suos,
716 2157 894 2243 quod
933 2175 1283 2241 negamus,
1342 2152 1621 2231 liaberet
1677 2174 1795 2215 nu·

298 2280 483 2336 mos,
530 2258 652 2321 sed
682 2277 829 2321 esse
857 2257 1189 2334 Salonini,
1234 2258 1454 2342 quiea
1496 2281 1532 2322 a
1585 2272 1793 2322 matre

303 2362 503 2429 Corn.
538 2359 848 2445 Salonina
895 2358 1128 2434 traxit,
1185 2379 1353 2442 quae
1397 2360 1478 2426 ad
1499 2361 1792 2430 Valeria-

300 2484 460 2526 num
487 2476 784 2527 nostrum
816 2480 946 2521 non
985 2460 1320 2542 pertinuit.
1379 2462 1648 2525 Certum
1691 2475 1793 2524 est

304 2563 541 2638 etiam,
599 2561 891 2643 potuisse
945 2581 982 2621 a
1028 2561 1406 2629 monetariis
1462 2582 1546 2625 ex
1592 2562 1797 2647 pluri-

301 2665 427 2728 bus
459 2663 563 2725 his
590 2660 960 2723 nominibus
977 2661 1196 2747 aliqua
1223 2677 1470 2726 tantum
1500 2660 1799 2726 adhiberi

304 2763 631 2851 neglectis
663 2762 848 2837 aliis,
895 2760 1078 2845 cnjus
1110 2761 1410 2848 exempla
1453 2763 1643 2829 obvia
1676 2781 1799 2845 per

306 2886 537 2933 omnes
569 2863 715 2929 fere
750 2864 1081 2948 Augustos
1113 2862 1455 2927 habemns.
1517 2862 1747 2959 Quin
1728 2884 1798 2925 ιιι

308 2987 393 3031 eo
430 2964 809 3051 conspirant
842 2983 1108 3042 omnes,
1154 2965 1351 3028 etiam
1400 2985 1549 3030 cum
1583 2963 1798 3028 solum

314 3069 655 3133 Valeriani
682 3087 924 3131 nomen
961 3066 1028 3127 in
1066 3066 1277 3129 numia
1309 3079 1447 3143 est,
1505 3087 1800 3130 nonnun-

312 3189 510 3257 quam
547 3166 719 3230 hand
758 3166 954 3232 dubie
988 3188 1190 3229 unum
1227 3167 1607 3231 Saloninum
1639 3165 1822 3231 indi--

308 3272 472 3351 cari.
519 3271 630 3335 Sic
659 3269 724 3329 in
764 3267 1096 3352 plerisque
1119 3266 1259 3350 ejus
1294 3270 1658 3330 consecrati
1688 3290 1805 3328 nu-

312 3372 700 3457 mislegitur
720 3383 845 3432 tant
859 3389 964 3430 um
987 3391 1003 3431 ι
1022 3367 1801 3437 D1VO.VALE1’.1ANO.

311 3472 561 3543 CAES.
606 3474 679 3535 ln
709 3471 924 3533 nnmis
951 3470 1213 3532 maximi
1244 3467 1497 3533 modali
1519 3468 1802 3536 Nicaeae

315 3590 385 3641 et
430 3571 857 3638 Nicomediae
916 3553 1254 3656 signatist'
1304 3564 1518 3632 ATT.
1580 3565 1803 3629 OTA·

313 3669 816 3751 AGPIANOC.
928 3666 1503 3737 PAAAIHNOC.
1578 3668 1806 3732 O‘rA.

203 3811 228 3825 ι
311 3773 810 3841 ΛΕΡΙΑΝΟΟ.
847 3769 1164 3838 CGBBB.
1254 3772 1478 3854 Capita
1515 3774 1808 3836 Valeria-

317 3882 393 3943 m·
428 3898 562 3941 aen.
594 3887 659 3939 et
683 3878 973 3939 Gallieni
995 3883 1312 3951 laureata,
1354 3875 1660 3936 Salonini
1691 3893 1808 3935 ma·

315 3983 467 4045 dum
498 3984 574 4058 ⁸).
640 3969 890 4044 Verum
952 3972 1255 4059 quidem,
1321 3994 1455 4036 non
1515 3972 1856 4036 defuisse·

323 4080 499 4144 viros
537 4089 978 4162 praestantes,
1025 4075 1138 4160 qui
1170 4074 1379 4137 altero
1415 4073 1546 4139 hoc
1581 4094 1811 4137 numo·

185 4160 208 4245 J
317 4201 465 4246 rum
498 4182 900 4273 Graecoer
914 4175 1268 4245 Valeriano
1303 4174 1809 4260 intelligendum

320 4300 467 4346 esse
536 4279 958 4349 Valerianum
1026 4277 1352 4361 juniorem
1427 4288 1806 4354 sanxerunt,

322 4402 490 4473 (11108
517 4380 696 4445 intes
725 4378 850 4444 fuit
878 4377 1225 4447 Morelliuss
1255 4373 1351 4456 b),
1395 4395 1590 4465 quem
1625 4398 1810 4443 secu-

3234 468 3375 546 ²⁵31
3468 524 3475 531 ,

1897 653 2002 704 tus
2058 638 2302 704 deinde
2368 651 2470 705 est
2519 637 2891 705 Bandurius
2956 635 3041 719 ⁰).
3133 638 3391 711 Verum

1896 754 2358 826 praeterquam
2411 742 2589 826 quod
2622 742 2776 805 satis
2818 762 2900 805 ex
2938 740 3257 805 hactenus
3295 742 3392 804 di·

1899 842 2025 910 ctis
2075 841 2462 918 didicimus,
2528 843 2840 907 Salonino
2885 843 3164 928 perinde
3198 843 3394 912 Vale·
3414 892 3433 905 2

1895 942 2063 1009 riani
2093 963 2336 1006 nomen
2365 942 2608 1020 fuisse,
2651 946 2782 1029 jam
2816 945 3106 1011 suboluit
3129 943 3395 1033 pridem

1897 1043 2146 1127 Pagio,
2190 1042 2363 1106 male
2395 1045 2833 1109 Morellium
2812 1069 2882 1109 ιιι
2920 1048 3023 1114 his
3053 1050 3269 1114 numia
3297 1048 3392 1111 vi-

1901 1142 2063 1207 dere
2100 1142 2519 1209 Valerianum
2569 1145 2935 1230 juniorem,
2999 1153 3113 1236 qui
3155 1172 3393 1218 revera

1902 1253 2078 1306 esset
2096 1242 2444 1309 Saloninus
2475 1242 2535 1326 d)
2556 1290 2574 1321 ,
2606 1246 3010 1314 Bandurium
3032 1270 3194 1318 vero
3216 1276 3400 1320 men-

1899 1355 2035 1409 tem
2065 1357 2392 1422 mutasse,
2435 1360 2616 1431 patet
2660 1368 2742 1411 ex
2782 1349 2902 1426 iis,
2948 1373 3115 1436 quae
3149 1353 3398 1437 ipsein

1898 1443 2310 1529 praefatione
2354 1447 2436 1510 ad
2483 1463 2731 1512 tomum
2775 1453 2829 1516 1.
2879 1452 3120 1516 docuit.
3207 1458 3396 1539 Ergo

1891 1546 1959 1611 ⁴si
2006 1545 2134 1628 jam
2185 1545 2398 1611 solum
2443 1549 2780 1614 Valeriani
2835 1571 3077 1618 nomen
3130 1550 3401 1623 suffecit

1902 1647 1984 1709 ad
2003 1645 2421 1713 indicandum
2440 1649 2849 1728 Saloninum,
2869 1653 3178 1720 sufficere
3198 1660 3399 1723 etiam
3514 1668 3523 1677 '

1901 1761 2207 1833 poterant
2238 1748 2378 1813 sola
2405 1750 2666 1812 nomina
2694 1756 2764 1814 P.
2779 1757 3024 1818 Licinii
3038 1762 3397 1837 Valeriani,
3426 1800 3431 1805 -
3460 1764 3463 1769 ⁴

1897 1868 2055 1917 enm
2091 1847 2325 1911 iisdem
2376 1868 2538 1912 vere
2577 1853 2914 1937 praeditus
2967 1856 3209 1937 fuerit,
3271 1863 3401 1926 etsi

1904 1951 2080 2015 forte
2107 1950 2412 2015 abessent
2450 1951 2715 2017 nomina
2746 1956 3030 2020 Cornelia·
3065 1960 3172 2023 vel
3209 1964 3401 2026 Salo-

1904 2054 2082 2127 m‘m’,
2126 2064 2200 2114 ut
2229 2051 2360 2134 jam
2398 2051 2747 2118 Bimardus
2801 2056 3148 2123 adversum
3175 2061 3403 2127 lober-

1906 2164 2047 2218 tum
2087 2151 2374 2215 advertit
2403 2153 2485 2234 θ).
2952 2180 2959 2187 ·

2035 2253 2122 2315 Δῑ
2154 2253 2386 2315 saltem
2420 2252 2503 2317 de
2533 2255 2748 2319 numia
2764 2258 3134 2341 Valeriani,
3177 2265 3402 2351 Augu-

1906 2351 1991 2414 sti
2024 2352 2217 2415 titulo
2252 2355 2657 2437 insignibus,
2703 2369 2770 2421 ct
2802 2359 3156 2443 juvenilins
3206 2380 3439 2452 caput-

1905 2450 2343 2517 offerentibus
2387 2454 2671 2518 dubitari
2739 2480 2873 2523 non
2928 2466 3211 2544 poterit,
3283 2486 3427 2530 eos·
3470 2520 3477 2525 .

1908 2571 2068 2616 vere
2097 2555 2449 2622 Valeriano
2489 2556 2737 2640 juniori
2802 2580 2951 2624 esse
2994 2563 3405 2630 tribuendos.

1910 2652 2091 2717 Istud
2123 2653 2322 2720 modo
2359 2656 2849 2740 inquirendum.
2903 2665 3182 2729 Exstant
3218 2667 3405 2731 numi

1913 2755 2166 2841 copiosi
2192 2757 2491 2840 argentei
2524 2758 2618 2821 sic
2650 2757 2988 2845 inscripti.

2195 2857 2781 2928 VALERIANVS.
2842 2866 2918 2926 P.
2961 2867 3046 2932 F.
3087 2870 3289 2940 AVG.
3329 2870 3400 2935 in‘

2191 2958 2343 3021 aliis
2364 2981 2385 3024 ι
3422 3004 3433 3013 ·

2187 3052 2372 3124 ΪΜΡ.
2395 3063 2974 3138 VALERIANVS.
3009 3073 3086 3135 P.
3109 3072 3182 3134 F.
3201 3072 3402 3143 AVG.

2201 3162 2415 3243 Capul
2418 3169 2718 3243 juvenale
2751 3177 3097 3236 radiatum.

1917 3265 2253 3329 Habemus
2292 3264 2518 3346 binos,
2563 3290 2727 3357 qnos
2756 3294 2952 3359 supra
2982 3275 3053 3339 in
3082 3273 3403 3342 Salonino

1917 3366 2277 3452 descripsit

2181 3468 2376 3531 'IMR
2451 3469 2764 3538 SALON.
2825 3478 3404 3553 VALERIANVS.

2197 3568 2402 3639 AVG.
2450 3579 2963 3657 Caputjuaentlo
2993 3587 3341 3649 radiatum.

2040 3671 2461 3737 Posteriores
2490 3696 2687 3740 nemo
2720 3694 2919 3762 negat
2959 3702 3106 3748 esse
3153 3685 3409 3749 Saloni·

1916 3768 2026 3845 ni,
2067 3772 2225 3835 illos
2261 3777 2608 3860 antiquarii
2642 3798 2871 3844 omnes
2888 3784 3240 3850 Valeriano
3266 3786 3407 3869 jun.

1920 3871 2259 3948 tribuunt,
2316 3896 2448 3959 quo
2496 3881 2793 3962 persuasi
2830 3886 3268 3965 argumento?
3322 3909 3410 3951 an

1919 3972 2387 4037 lineamentis?
2429 3979 2647 4056 Haec,
2691 3992 2763 4042 ut
2808 4001 3004 4063 snpra
3037 3983 3266 4061 docui,
3311 3986 3411 4050 di-

1922 4073 2206 4137 scrimen
2234 4096 2368 4138 non
2389 4077 2723 4160 praebent.
2764 4082 2869 4145 An
2896 4081 3088 4147 titulo
3114 4086 3410 4155 Valeria·
3453 4072 3463 4094 ’

1920 4173 2041 4237 ni?
2103 4175 2235 4239 Sed
2270 4177 2537 4240 nomine
2569 4177 2698 4242 isto
2735 4184 3166 4267 compellatus
3207 4162 3408 4259 esiam

1919 4275 2046 4340 fuit
2066 4277 2441 4346 Saloninus.
2481 4279 2583 4341 An
2608 4282 2878 4345 nomine
2908 4282 3237 4369 Augusti?
3276 4292 3412 4358 Ve-

1921 4401 2070 4444 rum
2105 4380 2271 4459 hoo,
2318 4393 2392 4443 ut
2420 4379 2612 4477 altius
2660 4400 2747 4445 ex
2784 4384 3000 4448 numis
3039 4387 3201 4472 ipsis
3244 4390 3411 4458 vidi.

318 4520 3414 4560 *m

396 4616 463 4689 a)
501 4615 653 4673 Mus.
687 4610 921 4688 Theup.
960 4609 1219 4669 Bandur.
1259 4607 1325 4673 iu
1358 4608 1606 4688 praefat.

1760 4607 1835 4682 b)
1870 4607 1936 4666 in
1974 4608 2228 4688 Spseim.
2266 4629 2327 4687 p.
2365 4623 2492 4677 117.
2528 4609 2668 4670 edit.
2706 4611 2933 4689 primae
2966 4626 3026 4673 et
3050 4636 3110 4693 p.
3129 4620 3253 4693 196.
3289 4637 3407 4684 sec.

323 4705 385 4784 c)
419 4701 593 4765 Num.
613 4701 798 4779 impp.
817 4703 983 4762 Tum.
999 4700 1045 4761 1.
1066 4721 1127 4793 p.
1151 4709 1275 4767 135.
1386 4697 1457 4773 d)
1498 4697 1640 4759 Crit.
1658 4698 1795 4758 Bar.
1832 4696 1916 4759 ad
1935 4697 2014 4764 V.
2033 4701 2100 4762 C.
2125 4709 2288 4766 2⁰13.
2319 4703 2370 4777 ᾗ.
2399 4712 2490 4767 17.
2596 4703 2661 4779 e)
2695 4701 2778 4760 ad
2795 4704 2958 4763 Τοιιι.
2981 4705 3058 4768 11.
3086 4721 3299 4786 p.102.
