4475 5584
1755 419 2104 517 GETA

498 620 658 687 Inde
710 641 747 686 a
797 609 1135 687 fratribus,
1159 608 1493 676 Thebanis
1527 626 1661 671 non
1703 601 1871 669 vidit

373 728 559 794 erbis
593 721 901 795 atrocius,
943 711 1398 797 funestiusque
1431 708 1715 802 fratrum
1745 706 1872 773 dig.

376 826 638 891 sidium.
724 824 1157 891 Alterutrum,
1177 811 1399 878 fratris
1454 809 1677 898 gladio
1722 829 1874 894 per-

366 936 668 1014 emptum
694 925 779 990 iri
808 922 1069 1010 pridem
1095 917 1221 982 fui-t
1238 916 1611 1001 praevisum
1641 923 1870 997 aperto

369 1031 682 1114 utrinque
732 1025 887 1093 odio
908 1066 928 1100 ,
989 1033 1059 1084 et
1101 1016 1465 1087 manifestis
1497 1014 1871 1081 caracallae

355 1130 647 1199 insidiis.
710 1131 963 1191 Tamen
999 1121 1244 1185 malum
1281 1116 1495 1195 istud,
1556 1136 1704 1179 cum
1738 1113 1871 1196 jam
1912 1168 1929 1189 ,

372 1228 797 1323 averruncari
847 1225 1192 1310 nequiret,
1224 1217 1615 1289 caracallae
1649 1213 1871 1298 potius

372 1332 608 1419 capiti,
662 1349 856 1415 quam
900 1328 1109 1393 Getae
1132 1320 1692 1408 imprecabantur
1735 1335 1873 1379 om·

372 1454 514 1499 nes.
559 1431 746 1494 Illius
790 1424 1079 1502 ferocia,
1136 1438 1206 1487 et
1242 1423 1500 1495 animus
1541 1420 1874 1500 impotens

308 1550 327 1569 ⁴
373 1532 636 1620 pridem
699 1529 1040 1615 cognitus,
1106 1536 1173 1589 at
1224 1524 1395 1587 Geta
1450 1534 1620 1585 teste
1661 1521 1876 1580 Hero·

375 1636 573 1699 diano
605 1633 664 1716 ⁸)
734 1627 1081 1717 probitatis
1130 1644 1291 1710 prae
1350 1614 1427 1685 se
1487 1618 1873 1707 opinionem

256 1726 271 1753 ¹
372 1733 668 1811 ferebat,
710 1731 1221 1812 moderatusque
1257 1737 1435 1800 erat,
1496 1736 1564 1787 et
1599 1717 1823 1785 lenis
1802 1739 1873 1780 ιιι

373 1832 880 1921 congressibus,
940 1844 1009 1894 et
1060 1829 1389 1893 clarorum
1437 1824 1733 1915 virorum
1768 1837 1872 1885 so·

376 1936 651 2011 cietate,
695 1946 764 1996 et
800 1930 1102 2015 ingenuis
1142 1905 1721 1991 exercitationibus
1762 1942 1874 2006 ap·
1980 1995 1989 2004 ‚

374 2036 591 2122 prime
626 2016 990 2097 delectatus
1011 2074 1028 2106 ,
1086 2048 1453 2115 quanquam
1490 2022 1871 2109 Spartianus

376 2155 648 2221 asperos
675 2133 831 2196 huic
864 2150 1128 2219 quoque
1169 2147 1390 2190 mores
1411 2171 1429 2203 ,
1487 2146 1619 2189 non
1653 2137 1871 2188 tamen

350 2228 617 2321 ‘impios
650 2234 916 2318 objiciat
942 2229 1030 2313 1ὶ).
1077 2231 1289 2326 Quam
1328 2229 1398 2288 in
1426 2227 1569 2311 ejus
1607 2243 1871 2311 quoque

378 2339 552 2403 caesi
585 2335 867 2412 amicos,
914 2345 983 2398 et
1017 2352 1281 2397 omnem
1319 2330 1533 2393 aulam
1564 2325 1874 2392 saetierit

379 2439 755 2514 Caracalla,
797 2436 945 2520 ipso
980 2433 1173 2498 etiam
1198 2478 1215 2511 ,
1260 2429 1593 2515 corruptis
1620 2427 1874 2514 ingenti

377 2537 658 2628 pecunia
695 2534 1160 2622 praetorianis,
1198 2535 1395 2597 'hoste
1436 2530 1759 2616 judicato,
1804 2531 1872 2593 in

364 2643 527 2727 -ejus
563 2650 827 2704 moneta
873 2649 1327 2702 memoratum.
1413 2637 1504 2699 Et
1536 2652 1700 2700 vero
1757 2631 1911 2725 img

377 2742 705 2829 placabile
744 2738 965 2817 odium
988 2782 1006 2817 ,
1050 2734 1232 2822 quod
1266 2734 1471 2819 sopiri
1518 2730 1719 2819 vulgo
1749 2752 1875 2818 per

380 2858 662 2909 mortem
696 2841 895 2906 etiam
942 2838 1142 2903 alieni
1173 2838 1345 2901 solet
1366 2882 1384 2914 ,
1441 2837 1510 2899 in
1548 2837 1754 2903 fratre
1781 2849 1878 2898 ta·
1906 2856 1919 2860 ·

354 2967 537 3012 ‚men
569 2944 864 3021 duravit,
911 2942 1007 3006 sic
1049 2952 1120 3004 ut
1157 2951 1373 3004 morte
1414 2940 1872 3021 multarentur,

377 3049 495 3135 qui
526 3048 738 3113 Getae
785 3061 1033 3108 nomen
1079 3042 1188 3109 vel
1248 3039 1700 3125 scripsissent,
1762 3039 1876 3105 vel

376 3148 948 3235 pronunciassent,
993 3143 1158 3207 adeo
1193 3156 1267 3206 ut
1294 3153 1532 3261 poetae
1559 3140 1691 3228 ipsi
1711 3154 1873 3206 noto

376 3253 509 3315 hoc
538 3248 955 3315 servulorum
986 3244 1254 3311 nomine
1269 3245 1580 3328 deinceps
1612 3242 1708 3306 uti
1740 3262 1874 3307 non

268 3374 271 3377 ·
356 3349 721 3437 ,auderenn
825 3345 1272 3423 succensebat
1326 3345 1524 3410 etiam
1579 3345 1752 3411 saxis
1803 3346 1874 3408 in

380 3454 525 3536 ejus
576 3449 867 3536 effigiem
902 3448 1167 3535 scalptis
1188 3493 1206 3525 ,
1267 3461 1335 3512 et
1369 3462 1699 3513 monetam
1731 3446 1874 3531 ejus

376 3554 666 3639 imagine
693 3553 1011 3637 signatam
1042 3548 1353 3616 conflavit
1383 3551 1464 3633 ⁰).
1502 3553 1614 3629 ,At
1644 3544 1872 3613 inanes

350 3657 570 3722 ,suere
607 3654 678 3717 hi
712 3667 1018 3729 conatus,
1070 3673 1218 3716 nam
1254 3666 1324 3716 et
1368 3652 1620 3739 copiosi
1666 3651 1872 3717 Getae

352 3756 565 3827 ,numi
613 3756 681 3818 in
717 3769 1008 3820 nostram
1057 3752 1385 3835 duravere*
1419 3768 1700 3818 aetatem
1727 3798 1745 3831 ,
1805 3766 1877 3815 et

382 3868 772 3944 supererant
802 3855 1155 3920 simulacra
1182 3854 1430 3933 fratris,
1473 3855 1711 3940 quibus
1725 3875 1880 3921 con·

380 3961 661 4047 spectio,
721 3959 779 4023 si
824 3956 1167 4042 Spartiano
1204 3954 1370 4020 fides
1401 3953 1503 4041 d),
1561 3957 1634 4021 in
1684 3957 1879 4023 lacri-

360 4082 522 4129 .mas
558 4059 958 4126 solvebatur.
1046 4059 1196 4123 Non
1241 4070 1460 4124 tamen
1500 4058 1681 4125 istud
1718 4079 1874 4145 poe·

381 4163 656 4227 nitentia
696 4161 880 4227 necis
926 4158 1290 4242 fraternae,
1347 4160 1467 4226 sed
1497 4162 1675 4249 quod
1720 4180 1876 4227 reae

384 4263 827 4331 conscientiae
877 4262 1070 4329 furiis
1110 4268 1524 4350 quateretur,
1582 4277 1659 4329 ut
1700 4262 1881 4329 dixe·

398 4376 423 4401 ι

3329 447 3472 515 233

1986 628 2124 673 ram
2188 607 2258 670 in
2319 620 2581 673 moneta
2637 608 2721 687 ad
2788 615 3023 673 annum
3070 608 3157 681 V.
3214 611 3286 676 C.
3332 610 3480 696 967.

1985 710 2266 775 Erasum
2306 709 2449 794 ejus
2481 730 2723 776 nomen
2760 731 2843 774 ex
2891 713 3331 793 monumentis
3370 735 3488 800 pu·

1985 809 2180 877 blicis
2248 811 2516 896 copiosa
2577 824 2901 877 testantur
2966 835 3328 892 marmora,
3410 837 3486 883 ac

1985 911 2360 996 praecipue,
2381 934 2572 978 arcus
2604 914 2840 999 Severi
2875 915 3209 1001 hodieque
3234 918 3487 984 Romae

1986 1027 2363 1096 superstes,
2425 1029 2498 1083 ut
2552 1015 2983 1081 animadverti
3027 1017 3097 1078 in
3152 1020 3487 1084 Caracalla

1986 1113 2071 1178 ad
2116 1118 2197 1185 V.
2250 1118 2327 1181 C.
2358 1118 2507 1201 957.
2595 1120 2846 1182 Tamen
2867 1106 3026 1201 ‘ejus
3063 1118 3264 1185 funus
3304 1143 3489 1187 cura-

1984 1214 2148 1296 tius,
2192 1236 2386 1300 quam
2411 1240 2538 1304 pro
2565 1219 2895 1304 parricida
2935 1220 3207 1301 extulit,
3265 1221 3492 1287 condi·

1989 1318 2216 1401 dinque
2293 1319 2361 1383 in
2423 1320 2528 1387 via
2580 1321 2794 1406 Appia
2859 1322 2929 1384 in
3003 1322 3315 1407 sepulcro
3376 1323 3492 1386 Se·

1987 1420 2130 1485 veri
2165 1424 2248 1500 θ).
3390 1443 3406 1454 ·

2120 1515 2310 1623 Yxor
2342 1520 2524 1589 nulla
2561 1543 2601 1586 a
2628 1521 2966 1591 veteribus
2998 1524 3324 1609 proditur.

2587 1727 2886 1790 Numi:

2112 1927 2332 2011 Hujus
2375 1925 2533 1995 anni
2564 1947 2801 1999 numos
2838 1926 2910 1993 in
2941 1926 3130 1992 nullo
3177 1931 3486 2018 catalogo

1984 2029 2291 2114 reperio,
2358 2029 2416 2094 si
2445 2028 2866 2095 Mediobarbi
2901 2008 3186 2096 indicem
3231 2034 3486 2114 demas,

1970 2143 2181 2215 ‘atque
2225 2150 2310 2194 ex
2356 2130 2460 2194 his
2503 2130 2794 2214 primus,
2853 2129 3212 2216 inscriptus
3248 2134 3508 2199 LIBE-

1984 2231 2833 2308 RAL1'1AS.AVG.V1.‚
2908 2232 3094 2297 sine
3116 2212 3318 2303 dubio
3387 2253 3492 2303 est

1985 2332 2139 2397 anni
2163 2333 2248 2401 V.
2282 2332 2355 2398 C.
2377 2333 2524 2414 961,
2569 2345 2644 2397 ut
2676 2332 2984 2412 vidimus,
3029 2347 3097 2399 et
3123 2337 3487 2427 notandum
3525 2332 3546 2339 ⁸

1985 2447 2363 2517 praeterea,
2407 2457 2444 2499 a
2475 2433 2912 2503 Mediobarbo
2941 2426 3094 2503 huic
3128 2458 3332 2503 numo
3371 2463 3484 2503 an-

1989 2537 2221 2612 ticam,
2267 2558 2465 2623 quam
2494 2536 2727 2614 libuit,
2771 2535 3037 2624 adfingi.
3099 2539 3275 2601 Eum
3308 2540 3484 2602 enim

1991 2638 2147 2701 citat
2187 2656 2272 2701 ex
2291 2637 2667 2715 Vaillantio‚
2713 2636 2828 2724 qui
2861 2637 3310 2704 describendis
3340 2663 3489 2727 par·

1988 2738 2164 2823 tibus
2184 2737 2417 2802 anticis
2443 2736 2733 2802 fideliter
2764 2738 3067 2819 abstinet.
3113 2741 3304 2805 Alter
3336 2761 3487 2807 cum

1992 2838 2390 2925 epigraphes
2434 2839 2679 2909 Dlvo.
2720 2840 3040 2904 GETAE.
3083 2840 3256 2905 Plo.
3304 2854 3488 2906 certe

1991 2939 2310 3009 confictus
2343 2953 2475 3017 est;
2519 2962 2667 3004 nam
2700 2940 2915 3005 adhuc
2945 2941 3086 3025 ejus
3121 2948 3491 3011 consecrati

1988 3061 2224 3106 numos
2283 3042 2585 3126 reperire
2648 3063 2781 3106 non
2840 3040 3049 3107 licuit.
3165 3046 3491 3130 Suspecta

1988 3142 2149 3207 item
2197 3144 2463 3211 videtur
2502 3144 2706 3209 lectio
2755 3141 3074 3227 aliorum
3131 3143 3489 3231 PONTIF.

1990 3247 2130 3308 ΤΒ.
2174 3245 2252 3309 Ρ.
2297 3247 2441 3309 1111.
2517 3243 2708 3312 COS.
2739 3247 2820 3309 11.
2867 3244 3065 3310 DES.
3110 3248 3222 3312 111.
3281 3250 3358 3310 P.
3411 3248 3490 3329 R.

1987 3345 2297 3439 Nondum
2350 3348 2697 3415 observavi
2744 3364 2981 3429 numos
3016 3345 3223 3433 Getae
3259 3348 3415 3414 inde
3450 3373 3490 3415 a

1948 3434 1961 3458 ⁰
1985 3446 2192 3533 patris
2224 3426 2442 3513 morte
2487 3471 2838 3535 percussos
2882 3469 3031 3514 cum
3079 3470 3245 3514 voce
3275 3450 3492 3569 UN-

1990 3550 2162 3615 TIF.
2143 3593 2204 3629 .,
2261 3549 2388 3615 etsi
2420 3570 2499 3617 ea
2529 3550 2722 3616 obvia
2752 3552 2838 3615 sit
2881 3552 2950 3614 in
2991 3552 3209 3615 numis
3239 3552 3362 3617 illo
3397 3553 3494 3618 vi·

1985 3663 2182 3714 vente
2212 3651 2506 3737 signatis.
2565 3653 2848 3723 Videtur
2876 3654 3064 3732 Geta,
3112 3674 3260 3722 cum
3284 3673 3494 3737 usque

1989 3750 2191 3816 modo
2219 3753 2473 3819 unicus.
2501 3766 2749 3819 tantum
2786 3751 2993 3818 fuerit
3025 3753 3325 3843 pontifeqt
3359 3775 3492 3821 ma·

1989 3855 2244 3930 ximus,
2281 3934 2288 3941 .
2326 3868 2546 3939 atque
2585 3855 2749 3920 haec
2801 3853 3086 3941 dignitas
3148 3854 3232 3918 ad
3277 3878 3489 3939 ,unum

1993 3955 2418 4033 caracallam,
2464 3955 2794 4020 seniorem
2832 3975 3070 4041 nempe
3101 3960 3495 4041 Augustum,

1991 4056 2410 4144 pertinuerit,
2452 4054 2903 4142 pontificatum
2941 4058 3331 4143 simplicem,
3376 4058 3492 4144 qui
3525 4127 3536 4132 ,

1993 4160 2174 4225 solus
2204 4158 2466 4223 debitus
2506 4171 2682 4239 erut,
2725 4159 2987 4244 penitus
3021 4158 3492 4235 dissimulasse,

1991 4280 2079 4326 ne
2132 4280 2204 4325 se
2233 4246 2622 4327 inferidrem
2670 4259 2877 4329 fratre
2892 4260 3175 4351 publice
3223 4257 3511 4346 profite-·

459 4618 521 4688 a)
560 4611 625 4671 in
649 4610 856 4672 Cairac.
908 4640 921 4655 ⁵
1089 4611 1158 4684 b)
1196 4612 1263 4674 in
1299 4614 1451 4676 Geta
1489 4634 1540 4677 c.
1577 4621 1630 4676 4-
1698 4672 1703 4679 .

387 4708 447 4779 e)
488 4702 784 4782 spartian.
822 4700 889 4761 in
924 4701 1077 4763 Geta
1115 4722 1164 4762 c.
1205 4717 1257 4771 7.

633 4794 810 4875 (Vol.
862 4790 1038 4877 1²11.)

1852 4618 1914 4688 c>
1952 4611 2067 4673 mo
2103 4611 2170 4673 ι.
2211 4609 2504 4675 Lxxvn.
2543 4615 2596 4687 §-
2630 4622 2716 4675 ια.

2855 4654 2872 4675 .
2951 4609 3024 4707 d)
3061 4611 3129 4673 in
3167 4609 3316 4674 Geta
3356 4631 3407 4671 c.
3438 4624 3490 4676 7.

2923 4793 3052 4881 Gs
