4475 5584
1001 518 1095 579 70
1696 489 2508 593 M.,AVREL1VS
2577 490 3354 591 ‘ANTONIst

1000 699 1190 743 nasse
1235 678 1389 743 satis
1447 679 1529 741 sit
1560 677 1867 741 Iacobum
1886 676 2170 738 ·Biaeum
2204 676 2298 756 ⁸),
2340 674 2491 738 Pel·

997 781 1305 844 lerinium
1336 778 1424 859 ¹³),
1470 792 1801 843 auctorem
1830 777 2039 839 musei
2059 774 2488 859 a‘heupolie).

997 883 1171 961 Nori
1229 880 1569 966 equidem,
1644 903 1679 943 a
1736 878 2126 953 Vaillantio,
2205 889 2274 938 et
2339 876 2484 960 ipso

997 983 1398 1060 Pellerinio,
1444 982 1717 1065 aliisque
1759 978 2041 1063 proponi
2082 996 2318 1039 numos
2349 991 2484 1040 tam

999 1084 1448 1161 coloniarum,
1511 1083 1701 1166 quam
1765 1079 2024 1141 urbium
2084 1079 2487 1141 Graecarum

995 1185 1354 1247 liberarum
1378 1227 1395 1259 ,
1491 1183 1559 1244 in
1633 1179 1868 1264 quihus
1946 1179 2217 1241 Aurelio
2272 1179 2485 1243 adhuc

995 1286 1259 1349 Caesari
1288 1286 1607 1348 Antonini
1641 1281 1993 1364 appellatio
2023 1279 2318 1355 additur,
2365 1276 2485 1341 sed

990 1386 1169 1450 forte
1202 1404 1286 1448 ex
1318 1385 1422 1446 his
1457 1385 1670 1446 minus
1707 1395 1895 1444 caute
1928 1394 2199 1464 excepta
2231 1392 2331 1441 est
2351 1379 2487 1462 epi·

998 1485 1288 1570 graphe,
1353 1499 1464 1547 aut
1511 1483 1688 1547 forte
1733 1483 1969 1545 horum
2031 1482 2330 1543 nonnulli
2367 1482 2487 1543 Ca-

992 1588 1277 1651 racallae
1340 1595 1526 1660 sunt,
1605 1597 1715 1647 aut
1762 1604 1997 1648 revera
2052 1595 2396 1666 peccatum
2446 1603 2484 1643 a

991 1688 1266 1750 rudibus
1315 1684 1727 1761 monetariis,
1791 1685 1901 1769 qui
1944 1705 2027 1748 ex
2070 1696 2302 1747 vetere
2345 1702 2485 1743 mo·

992 1811 1070 1853 re
1117 1801 1384 1870 recepta
1424 1786 1638 1849 omnia
1688 1784 1768 1847 ab
1799 1784 2074 1848 Aurelio
2117 1782 2483 1866 adoptantis

991 1888 1197 1952 fuisse
1231 1889 1494 1951 nomina
1528 1887 1651 1948 sibi
1683 1885 2148 1970 persuaserint.
2195 1884 2487 1968 Scripto-

996 2010 1107 2053 res
1149 1989 1454 2052 nonnulli
1483 1988 1757 2051 Aurelio
1799 1988 1929 2070 jam
1970 1991 2274 2068 -Augusto
2301 1999 2487 2048 vetus

995 2090 1211 2153 adhuc
1247 2090 1408 2156 Veri
1472 2110 1715 2152 nomen
1765 2088 2082 2153 tribuunt.
2167 2086 2278 2150 Sic
2321 2086 2492 2171 apud

992 2190 1331 2253 Photium-
1355 2192 1538 2275 legas
1573 2189 1675 2271 d):
1721 2186 1817 2250 ἔπι
1864 2185 1972 2249 Μ.
2000 2189 2300 2249 Ancum„
2327 2186 2490 2264 Bnes

991 2294 1298 2363 βασιλεως
1345 2289 1677 2372 Ῥωμαιων,
1725 2303 1793 2352 et
1833 2288 2006 2378 apud
2043 2289 2482 2373 Theophilum

954 2442 959 2445 -
993 2393 1476 2457 Antiochenum
1507 2394 1566 2476 e)
1611 2393 1893 2473 Αυςηλιυ
1928 2391 2148 2472 Ουηςε.

1375 2599 1642 2659 Pater
1713 2601 2092 2661 Patriae.

1120 2796 1525 2881 Capitolinus
1591 2797 1757 2862 haec
1819 2798 1903 2863 de
1961 2798 2274 2863 Aurelios
2336 2800 2479 2858 ΡΑ-

997 2900 1197 2961 TRIS
1243 2902 1634 2962 PATRJAE
1679 2912 1889 2964 autem
1929 2921 2154 2963 nomen
2196 2903 2480 2962 delatum

979 3002 1193 3079 fratre
1227 3003 1486 3063 absente
1521 3005 1592 3062 in
1628 3005 1909 3085 ejusdem
1927 3006 2362 3083 praesentiam
2380 3002 2480 3061 ὀί-

986 3103 1191 3163 stulit.
1236 3102 1322 3162 Et
1346 3101 1553 3163 infra:
1590 3096 2010 3185 posteaquam
2035 3114 2251 3167 autem
2281 3124 2325 3162 a
2355 3104 2480 3180 Sy·-

983 3204 1090 3262 ria
1100 3204 1304 3262 victor
1306 3203 1520 3280 frater
1535 3206 1745 3276 rediit,
1758 3203 2480 3266 PATRJSPATRJAE

987 3320 1217 3363 nomen
1247 3302 1553 3362 ambobus
1590 3307 1905 3364 decretum
1935 3316 2050 3367 est.
2084 3303 2365 3371 ,Horum
2385 3315 2471 3363 te-

981 3400 1438 3463 stimoniorum
1475 3399 1607 3465 fide
1628 3401 2092 3465 Tillemontius
2122 3404 2297 3466 hunc
2326 3400 2481 3463 titu-

983 3504 1123 3564 lum
1152 3502 1233 3564 ab
1276 3488 1557 3584 utroque
1592 3504 1891 3585 Augusto
1933 3523 2102 3565 anno
2139 3504 2222 3571 V.
2257 3502 2329 3569 C.
2353 3522 2478 3584 qu)

983 3616 1357 3686 susceptum
1377 3600 1722 3666 adfirmare
1743 3624 1875 3667 non
1895 3603 2232 3668 dubitavit.
2278 3605 2479 3669 Aliud

983 3725 1021 3767 a
1058 3690 1470 3766 Tillemontii
1506 3701 1804 3767 doctrina
1837 3726 2236 3791 magnopere
2263 3704 2477 3772 diver-

983 3827 1127 3891 sum
1192 3804 1432 3869 docent
1474 3805 1676 3869 numi.
1747 3805 2119 3879 Secundum
2181 3809 2305 3871 hos
2348 3807 2479 3869 Au·
2519 3860 2528 3869 Ι

982 3905 1191 3968 relius
1248 3904 1423 3970 hunc
1479 3906 1742 3969 titulum
1818 3905 2149 3990 adoptavit
2182 3909 2476 3972 'nonnisi

978 4006 1248 4072 ineunte
1315 4029 1485 4071 anno
1545 4008 1632 4075 V.
1676 4010 1747 4071 C.
1791 4008 1967 4090 930,
2017 4023 2128 4074 aut
2170 4009 2256 4073 ad
2306 4032 2480 4073 sum·

976 4130 1158 4173 mum
1221 4123 1505 4173 exeunte
1562 4129 1708 4193 quq.
1779 4112 1996 4196 Atque
2054 4111 2291 4174 horum
2354 4133 2481 4196 ego

973 4211 1329 4291 praeconio
1366 4211 1664 4274 standum
1685 4211 1949 4274 omnino
1982 4210 2280 4276 adfirmo.
2338 4214 2473 4276 Cur

986 4312 1199 4388 enim,
1263 4313 1320 4374 si
1363 4312 1434 4375 id
1477 4333 1720 4376 nomen
1769 4308 2004 4376 rev'era
2052 4333 2221 4376 anno
2279 4314 2356 4379 V.
2404 4317 2480 4378 C·

976 4430 1100 4495 9²9
1153 4410 1463 4488 adscivit,
1511 4413 1674 4498 ipsis
1730 4413 1844 4476 XI.
1879 4414 2064 4496 annis
2117 4413 2261 4495 ejus
2298 4431 2478 4476 men-

2603 676 2780 739 tione
2825 677 2894 738 in
2947 687 3208 739 moneta
3255 672 3596 748 abstinuit,
3667 692 3816 736 cum
3869 684 4084 735 tamen

2603 789 2894 854 constet,
2940 779 3305 860 Augustos,
3355 794 3435 836 ex
3486 794 3614 857 quo
3665 772 3833 835 illud
3864 793 4087 837 susce-

2599 900 2761 962 pere
2782 924 2800 957 ,
2846 899 2926 942 eo
2956 890 3331 942 constanter
3371 876 3435 936 in
3462 873 3676 935 numia
3710 874 3911 936 fuisse
3944 875 4087 957 glo·

2598 978 2847 1044 riatos?
2885 979 3143 1042 Deinde
3182 978 3236 1039 si
3299 977 3407 1039 cui
3437 975 3699 1038 luberet
3733 974 4083 1067 obgerere,

2598 1080 2998 1143 monetarios
3030 1099 3162 1140 non
3199 1098 3426 1139 omnes
3457 1077 3682 1139 titulos
3727 1076 3920 1138 etiam
3973 1077 4085 1140 de-

2600 1197 2817 1248 cretos
2857 1180 3070 1242 numis
3114 1179 3562 1260 inscripsisse,
3628 1196 3910 1261 quaero,
3966 1198 4089 1240 cur

2597 1283 2810 1363 iidem⁴
2852 1279 3196 1344 monetarii
3221 1325 3264 1357 ,.
3298 1278 3410 1363 qui
3447 1291 3633 1340 antea
3684 1279 3982 1342 inserere
4015 1278 4084 1339 id

2594 1405 2837 1447 nomen
2904 1394 3205 1446 monetae
3271 1395 3646 1443 constanter
3697 1381 4083 1462 neglexere,
4194 1387 4210 1399 ·

2597 1484 2764 1547 illud
2805 1484 2958 1545 inde
3009 1481 3089 1544 ab
3128 1499 3296 1544 anno
3338 1482 3418 1547 V.
3460 1484 3536 1544 C.
3579 1479 3701 1564 930
3752 1500 3957 1565 usque
4001 1479 4088 1545 ad

2597 1583 2852 1648 Aurelii
2896 1603 3238 1647 excessum
3282 1603 3608 1665 nunquam
3662 1582 3939 1665 amplius
3987 1582 4088 1642 in·

2597 1705 2823 1749 serere
2854 1684 3301 1769 neglexerint,
3348 1697 3458 1746 aut
3492 1682 3723 1744 saltem
3752 1703 3874 1765 per
3904 1666 4084 1744 vices

2597 1787 2725 1871 jam
2774 1786 3207 1862 inseruerint,
3266 1785 3394 1867 jam
3442 1805 3608 1859 non,
3670 1782 3945 1867 perinde
3993 1794 4087 1866 at·

2599 1909 2728 1972 que
2781 1887 2916 1949 inis
2987 1907 3136 1950 oum
3182 1870 3374 1949 ‘titulo
3442 1883 3769 1970 pontificis
3818 1883 4086 1946 maximi

2600 1991 3023 2052 constitutum
3071 1986 3243 2049 fuit?
3320 1986 3794 2070 Curdenique,
3856 1984 3946 2060 si,
4009 1996 4084 2045 ut

2598 2088 2911 2171 jactatur,
2973 2091 3189 2157 Verus
3257 2109 3518 2173 quoque
3576 2085 3780 2174 patris
3833 2082 4084 2167 patriae

2597 2208 2840 2253 nomen
2870 2190 3194 2272 suscepit,
3238 2210 3568 2273 nunquam
3613 2188 3782 2253 illud
3832 2186 3899 2246 in
3943 2196 4086 2246 toto

2600 2290 2742 2374 ejus
2810 2311 3157 2353 numerum
3211 2290 3412 2374 longo
3486 2292 3744 2375 agmine
3789 2291 4086 2376 legitur?

2590 2394 2775 2476 Ergo
2820 2391 3099 2455 testibus
3144 2391 3357 2453 nurnis
3410 2406 3663 2454 certum
3713 2407 3849 2470 est,
3907 2394 4083 2458 hunc

2592 2492 2854 2556 titulum
2892 2515 2927 2556 a
2967 2490 3042 2554 L.
3082 2493 3261 2558 Vero
3312 2514 3676 2576 nunquam,
3742 2495 3824 2558 ab
3873 2496 4085 2557 Aure·

2593 2595 2688 2658 lio
2727 2593 2988 2657 nonnisi
3037 2613 3152 2668 eo,
3212 2615 3341 2680 quo
3399 2594 3572 2672 dixi,
3637 2608 3937 2680 tempore
3979 2615 4086 2659 re·

2597 2708 2880 2778 ceptum.
2924 2698 3070 2756 Non
3096 2694 3274 2759 favet
3303 2694 3458 2758 huic
3496 2697 3857 2759 sententiae
3895 2699 4082 2782 Capi-

2588 2798 2879 2873 tolinus,
2944 2809 3010 2859 at
3068 2814 3284 2880 neque
3328 2796 3568 2875 officit,
3615 2798 3903 2861 simodo
3951 2798 4080 2861 rite

2593 2898 2737 2981 ejus
2786 2896 2991 2962 verba
3035 2897 3480 2961 aestimentur.
3556 2899 3752 2993 Quod
3799 2901 4080 2983 primum

2591 3001 2714 3073 ait,
2774 2998 3115 3061 Aurelium
3172 2998 3459 3061 delatum
3516 2999 3642 3061 sibi
3686 3002 3815 3064 hoc
3842 3021 4084 3063 nomen

2591 3099 2658 3161 in
2708 3099 2930 3161 fratris
2975 3100 3410 3181 praesentiam
3459 3099 3828 3179 distulisse,
3897 3102 4078 3164 aliud

2591 3220 2727 3262 non
2774 3199 3004 3277 docet,
3050 3200 3178 3262 nisi
3226 3200 3401 3263 istud
3445 3202 3568 3263 sibi
3615 3216 3786 3280 tum,
3833 3222 3979 3266 cum
3999 3202 4082 3263 ti-

2593 3301 2773 3365 tulus
2839 3298 3297 3379 deferebatur,
3358 3304 3782 3367 constitutum
3855 3304 4084 3379 fuisse,

2595 3401 2873 3466 subinde
2900 3417 3245 3486 praesente
3271 3405 3475 3468 fratre
3509 3420 3791 3469 mutasse
3826 3416 4089 3468 senten-

2595 3504 2773 3569 tiam.
2829 3504 3089 3568 Deinde
3143 3506 3231 3566 ait
3271 3506 3525 3582 solum,
3572 3506 3780 3595 fratre
3807 3518 4088 3569 reverso

2592 3605 2662 3668 id
2691 3625 2929 3671 nomen
2968 3606 3284 3670 ambobus
3317 3607 3520 3671 fuisse
3546 3613 3862 3671 decretum
3882 3651 3899 3684 ‚
3944 3626 4081 3671 non

2588 3727 2755 3773 vero
2824 3707 3024 3768 etiam
3107 3707 3188 3770 ab
3237 3707 3590 3770 ¹ambobus
3679 3721 4086 3792 susceptum.

2591 3809 2802 3905 Quam
2832 3807 3205 3892 explicandi
3248 3809 3569 3871 rationem
3593 3810 3649 3871 si
3682 3810 3827 3894 quis
3877 3808 4085 3872 hone-

2587 3910 2674 3973 sti
2722 3908 2952 3994 effugii
3003 3929 3193 3973 causa
3223 3930 3259 3971 a
3288 3929 3395 3972 me
3431 3910 3865 3974 *adinventam
3921 3911 4085 3986 velit

2597 4010 3007 4087 existimare,
3067 4010 3357 4083 recolat,
3413 4031 3698 4097 quaeso,
3762 4032 3927 4096 quae
3974 4035 4087 4077 va·-

2594 4113 2711 4175 riis
2758 4131 2882 4194 per
2930 4130 3241 4196 praesens
3302 4132 3467 4196 opus
3523 4112 3696 4177 locis
3741 4115 3824 4177 de
3875 4113 4084 4177 titulis

2596 4214 3065 4297 imperatorum
3112 4212 3401 4276 decretis
3442 4212 3748 4296 quidem,
3810 4228 3873 4278 at
3917 4216 4091 4277 mul·

2595 4328 2665 4375 to
2715 4313 2923 4378 serius
2953 4312 3284 4388 admissis,
3331 4328 3442 4375 aut
3486 4315 3715 4376 saltem
3752 4316 3819 4376 in
3856 4337 4089 4379 monu-

2597 4428 2815 4478 menta
2845 4414 3111 4499 publica
3153 4413 3392 4501 inferri
3441 4412 3694 4497 coeptis
3736 4414 4085 4499 disputavi,

1028 4630 1037 4638 ’
1086 4642 1147 4707 a)
1184 4636 1261 4696 ad
1292 4659 1451 4696 num.
1495 4622 1618 4699 aur.
1658 4637 1928 4699 Arschot.
1969 4638 2115 4698 Tab.
2155 4650 2244 4712 29.
2280 4659 2338 4696 n.
2381 4652 2430 4698 1.
2523 4636 2594 4711 b)
2635 4627 2857 4698 Lettrcs
2889 4608 2952 4716 p.
2990 4643 3077 4702 26.
3171 4620 3332 4713 c)⁴iu
3371 4644 3446 4699 Μ.
3481 4624 3715 4733 ⁴Aurelii
3749 4658 3909 4716 nunt.
3947 4640 4089 4700 Ale.

1332 4726 1395 4802 a>
1442 4727 1590 4786 eod.
1631 4728 1791 4789 x1v.

975 4727 1181 4785 stands.

1936 4731 1999 4802 e)
2040 4728 2118 4787 ad
2153 4728 2424 4805 Autolyc.
2466 4729 2532 4789 L.
2569 4728 2667 4791 111.

2749 4839 2778 4849 q
