4475 5584
1088 462 1234 584 3550

1088 642 1267 717 vult,
1331 634 1638 701 nimirum
1702 655 1973 720 quarum
2052 648 2356 700 contactu
2415 636 2579 697 Iuno

1088 743 1262 807 facta
1340 757 1704 825 praegnans
1778 741 2058 800 Martem
2129 748 2307 798 esset
2367 734 2576 809 enixa,

1090 842 1268 907 unde
1306 842 1476 904 dicta
1513 837 1716 899 fuerit
1749 842 2076 902 Martialis
2108 839 2185 917 ⁸).
2232 836 2435 910 Novi,
2484 835 2579 896 ‹li-

1092 964 1247 1009 cere
1274 946 1543 1005 Festum
1574 936 1684 1021 1>),”
1724 960 1805 1002 ex
1854 941 2242 1024 aliquorum·
2258 937 2578 1003 sententia

1088 1048 1385 1108 Martem·
1428 1041 1559 1103 dici
1618 1040 2009 1117 Gradivum,
2071 1043 2229 1126 quia
2281 1042 2575 1122 ⁸qramine

1090 1151 1181 1209 sit
1201 1157 1377 1209 ortus
1396 1189 1412 1219 ,
1448 1147 1622 1228 quod
1649 1147 2116 1222 interpretatur,
2149 1138 2308 1227 quia
2338 1161 2574 1203 corona

1023 1314 1042 1324 ,
1077 1251 1419 1331 qraminea
1437 1249 1508 1306 in
1538 1265 1606 1305 re
1635 1247 1910 1306 militari
1927 1248 2254 1307 maximae
2271 1254 2369 1304 est
2382 1246 2575 1303 hono·

1085 1350 1400 1423 rationis,
1447 1359 1512 1407 et
1532 1365 1612 1407 ex
1645 1360 1867 1408 mente
1897 1344 2107 1407 Servii
2132 1362 2399 1424 gramen
2426 1362 2572 1403 esse

1084 1461 1534 1512 consecratum
1594 1447 1827 1522 Marti,
1887 1447 2010 1508 etsi
2074 1446 2263 1506 aliam
2315 1445 2370 1505 is
2429 1444 2570 1525 ejus

1069 1528 1340 1614 'eausam
1396 1560 1663 1623 statuat,
1708 1568 1880 1622 non,
1925 1544 2101 1630 quod
2157 1566 2238 1608 ex
2277 1547 2569 1631 gramine

1049 1640 1270 1714 'natus
1310 1650 1392 1713 sit
1422 1649 1503 1731 Ω).
1591 1651 1677 1710 At
1708 1650 1877 1710 enim
1919 1647 2195 1713 Ovidius
2242 1648 2440 1723 illud,
2487 1667 2570 1708 ex

1082 1772 1213 1836 quo
1270 1754 1432 1813 Iuno
1475 1752 1754 1812 Martem
1821 1750 2170 1833 concepit,
2231 1771 2363 1811 non
2427 1770 2571 1832 gra-

1083 1873 1234 1915 men
1259 1897 1275 1928 ,
1324 1850 1442 1914 sed
1473 1848 1707 1913 florem
1747 1850 1944 1929 dixit,
1988 1865 2060 1912 ut
2086 1850 2215 1934 jam
2254 1868 2571 1932 praeeun-

1075 1935 1149 2014 vte
1187 1950 1446 2014 erudito
1500 1953 1629 2013 hoc
1681 1951 1823 2013 viro
1880 1973 2075 2036 supra
2122 1950 2188 2011 iit
2234 1954 2567 2012 Mamaeae

1080 2055 1295 2116 numis
1343 2053 1807 2128 indicavimus,
1872 2074 1989 2128 ac,
2053 2051 2368 2136 quidquid
2417 2052 2566 2125 erit,

1080 2154 1250 2215 illud
1287 2154 1665 2236 cumprimis
1707 2154 1771 2214 in
1819 2152 1942 2217 hac
1972 2174 2161 2216 causa
2209 2152 2566 2237 quaeritur,

1037 2286 1046 2299 ·
1082 2253 1241 2338 quid
1271 2253 1454 2315 numi
1487 2254 1612 2338 ipsi
1643 2246 2053 2338 eloquantur.
2140 2255 2227 2318 At
2261 2273 2421 2316 vero
2448 2253 2570 2313 ite-

1083 2374 1229 2415 rum
1262 2353 1401 2429 aio,
1444 2376 1678 2416 numos
1713 2355 1905 2438 hujus
1941 2354 2311 2438 argumenti
2346 2352 2567 2436 copio-
2613 2379 2637 2395 ·

1079 2474 1220 2530 sos,
1266 2470 1335 2518 et
1365 2454 1790 2535 nitidissimos
1839 2452 2050 2519 musei
2085 2453 2389 2518 Caesarei
2425 2472 2566 2515 cer-

1075 2571 1207 2618 tam
1258 2557 1451 2619 nobis
1498 2554 1867 2620 forficulam
1913 2557 2198 2630 offerre,
2244 2553 2409 2616 nihil
2454 2577 2564 2616 au·

1074 2672 1210 2719 tem
1257 2657 1559 2734 omnino,
1604 2660 1782 2743 quod
1815 2659 1918 2720 vol
1951 2654 2140 2731 flori,
2188 2656 2293 2718 vel
2330 2654 2564 2717 herba·

1073 2743 1219 2819 min
1240 2755 1554 2822 fasciculo
1589 2759 1803 2821 simile
1834 2773 2025 2823 esset.
2071 2758 2562 2843 Ceterpmluno

1074 2859 1392 2921 Martialis
1429 2880 1562 2923 non
1594 2860 1659 2922 in
1697 2859 1855 2941 solis
1887 2859 2100 2921 numis
2135 2872 2564 2936 memoratur,

1073 2959 1189 3023 sed
1217 2976 1284 3024 et
1318 2961 1476 3026 Sex.
1506 2961 1719 3024 Rufus
1752 2961 1892 3043 ejus
1922 2960 2152 3022 aedem
2188 2957 2255 3020 in
2286 2958 2561 3043 regione

1070 3060 1203 3124 fori
1231 3063 1513 3127 Romani
1539 3061 1800 3123 stetisse
1832 3061 2056 3123 refert.

1198 3165 1323 3224 Eis
1353 3163 1567 3227 numia
1584 3183 1775 3227 causa
1807 3160 2174 3249 argumenti
2192 3160 2563 3245 jungendus

1074 3264 1281 3327 altert

1353 3364 1599 3431 DIVO.
1631 3359 2071 3446 AVGYSTO.
2118 3366 2321 3443 Caput
2343 3368 2565 3447 Anqu-

999 3537 1007 3545 .
1060 3508 1082 3535 f
1357 3471 1444 3528 stt·
1476 3468 1822 3528 radiatum.

1069 3563 1406 3635 tvNom.
1437 3565 1886 3628 ΜΑΒΤῙΑΜ.
1938 3550 2293 3643 Templum,
2338 3568 2409 3628 en
2437 3588 2563 3650 quo

966 3703 974 3713 ·
1067 3671 1194 3731 dea
1216 3672 1440 3729 sedens
1468 3665 1764 3737 adstante
1783 3686 2053 3745 pavone.
2075 3667 2212 3730 AR.
2236 3666 2560 3747 (Pellerin

1066 3770 1230 3832 Rec.
1271 3769 1382 3832 111.
1426 3790 1490 3852 p.
1526 3767 1790 3847 XLIX.)
2139 3803 2143 3806 <

1195 3870 1589 3937 Vaillantius
1621 3870 1687 3931 in
1713 3871 1941 3932 Numis
1977 3869 2111 3932 suis
2136 3883 2489 3952 praestant.
2522 3893 2559 3933 a

997 3986 1001 3993 '
1061 3969 1343 4034 Baldino
1375 3971 1695 4034 restitutis
1730 3975 1919 4034 Tem.
1942 3972 2026 4035 11.
2053 3992 2123 4053 p.
2153 3970 2256 4035 33.
2288 3991 2558 4037 numum

1061 4072 1345 4159 Augusti
1377 4076 1763 4158 argenteum
1790 4072 1883 4136 sic
1921 4070 2271 4136 describitt
2313 4073 2559 4144 IVNO·

1057 4173 1170 4237 NI.
1208 4173 1660 4258 MARTIALI.
1705 4176 2023 4255 Templum
2058 4179 2436 4254 rotundum,
2479 4178 2552 4240 u'n

1050 4299 1177 4362 quo
1207 4279 1372 4339 Iuno
1406 4279 1612 4350 sedet,
1655 4278 1718 4336 d.
1749 4279 1998 4356 spicas,
2043 4295 2326 4361 eumque
2354 4277 2557 4341 raris·

1059 4376 1292 4441 simum
1322 4376 1630 4460 appellat.
1692 4376 1918 4439 Ausim
1959 4375 2369 4441 confidenter
2398 4398 2552 4442 con-

1049 4478 1293 4561 jicere,
1335 4478 1512 4540 hunc
1544 4477 1885 4546 Vaillantii
1925 4500 2194 4542 numum
2228 4500 2377 4544 cum
2398 4478 2552 4545 Pel-

1115 4703 1183 4775 a)
1218 4703 1366 4760 Mus.
1405 4700 1753 4762 Pie⁶Clem.
1790 4702 1958 4763 Tom.
1996 4702 2101 4768 VI.
2137 4724 2201 4783 p,
2239 4706 2333 4770 86.

2479 4703 2551 4780 b)
2590 4703 2652 4765 in
2690 4702 3007 4766 Gradivus.

2187 428 3073 539 T‘REBONIANVS.

2691 632 3069 708 lei-inimum*
3096 631 3165 693 in
3213 636 3343 717 quo
3389 652 3650 722 sumus,
3693 632 3986 713 ejusdem
4034 655 4179 701 esse

2692 746 2984 796 naturae.
3031 733 3390 798 Enimvero
3435 756 3747 799 coaevum
3784 754 3930 798 esse
3963 740 4181 821 Augu·

2693 850 2834 911 sto,
2896 834 3300 920 persuadere
3358 835 3517 899 mihi
3576 856 3706 897 non
3752 857 4050 920 possum,
4113 839 4179 900 in

2692 936 2885 1019 cujus·
2923 953 3185 1015 moneta
3232 938 3462 1000 similis
3498 936 3752 1000 formae
3803 960 4029 1003 aversa
4074 939 4184 1006 ad-

2691 1037 2821 1102 huc
2851 1054 3202 1122 conspecta
3235 1061 3367 1103 non
3400 1052 3530 1117 est,
3578 1039 3698 1101 sed
3732 1030 3897 1125 quae
3919 1086 3937 1117 ‚
3983 1056 4055 1104 ut
4089 1042 4180 1106 vi·

2690 1137 2941 1221 aimus,
2993 1140 3183 1203 obvia
3238 1154 3338 1202 est
3375 1161 3498 1225 per
3540 1126 3889 1225 imperium
3930 1144 4180 1207 Trebo-

2686 1241 2881 1302 niani.
2974 1241 3195 1336 Quare
3231 1242 3424 1323 plane
3455 1243 3816 1304 verisimile
3853 1244 4181 1321 existimo,

2688 1342 2752 1402 in
2823 1343 3035 1404 antica
3094 1342 3314 1415 numi,
3378 1362 3571 1426 quem
3652 1342 3834 1407 dedit
3890 1345 4181 1410 Vaillau·

2688 1442 2853 1517 tius,
2901 1463 3046 1505 esse
3068 1444 3339 1505 eandem
3361 1432 3789 1529 epigraphen,
3833 1460 3899 1509 et
3933 1462 4182 1529 typum,

2688 1543 2912 1625 quales
2970 1557 3117 1605 sunt
3194 1546 3260 1605 in
3334 1543 3820 1621 Pelleriuiano,
3899 1568 4179 1631 nempe:

2686 1643 2927 1708 DtVO.
2970 1644 3426 1721 AVGVSTO,
3473 1645 3798 1732 hujusque
3836 1662 4032 1732 caput
4079 1671 4179 1711 ra·

2687 1744 2952 1806 diatum.
3041 1746 3368 1808 Nimirum
3421 1748 3667 1811 saeculi
3721 1750 4181 1832 praecedentis

2684 1846 3082 1929 antiquarios
3124 1849 3359 1932 passim
3416 1862 3669 1912 constat
3728 1850 4022 1913 indicare
4068 1872 4179 1914 ne-

2685 1949 3008 2031 glexisse,
3059 1971 3184 2033 qua
3234 1950 3361 2011 sint
3404 1950 3779 2012 conditione
3820 1963 4042 2034 partes
4074 1975 4179 2013 an-

2681 2050 2850 2111 ticae
2928 2071 3278 2112 numorum
3359 2051 3982 2134 imperatoriorum,
4071 2068 4177 2115 aut

2680 2162 2808 2236 qua
2882 2150 3132 2214 metalli
3197 2150 3549 2228 mixtione,
3626 2167 3932 2239 tanquam
4013 2155 4177 2218 haec

2682 2251 2921 2314 indicia
2978 2251 3064 2331 ,acl
3124 2252 3360 2314 multas
3417 2255 3574 2315 artis
3642 2270 3907 2318 nostrae
3952 2277 4177 2319 causas

2682 2352 2853 2415 unxit
2892 2352 3086 2437 plane
3132 2353 3533 2416 conferrent.
3621 2355 3723 2417 Ad
3761 2372 4176 2441 praesentem

2679 2453 3024 2516 Pellerinii
3067 2474 3331 2515 numum
3372 2468 3443 2514 ut
3490 2452 3836 2535 revertar,
3900 2462 4178 2523 anticam

2682 2575 2832 2617 cum
2877 2568 3104 2617 aversa
3165 2554 3336 2616 male
3397 2557 3789 2633 cohaerere,
3847 2573 4045 2641 atque
4102 2560 4181 2622 il·

2676 2655 2806 2716 lam
2839 2656 3176 2738 pertinere
3198 2656 3277 2717 ad
3314 2677 3457 2718 eam
3492 2680 3838 2723 numerum
3873 2659 4172 2732 classem,
4228 2668 4233 2673 '

2678 2755 3042 2842 inquorum
3079 2777 3305 2819 aversa
3340 2773 3441 2820 est
3475 2760 3834 2845 epigraphe
3857 2761 4174 2825 CONSE-

2680 2856 3052 2933 CRATIO,
3117 2872 3184 2920 et
3241 2871 3432 2941 typus
3484 2882 3674 2938 arae,
3735 2862 3841 2926 vel
3894 2863 4171 2948 aquilae,
4224 2874 4239 2893 ⁶

2679 2973 2744 3023 ct
2764 2958 2831 3020 in
2851 2959 3085 3043 quibus
3103 2960 3422 3021 memoria
3458 2964 3974 3027 consecrationis
3990 2985 4173 3049 prae·

2678 3059 3050 3141 cedentium
3110 3059 3265 3122 inde
3323 3061 3404 3124 ab
3462 3063 3754 3145 Augusto
3814 3065 4169 3149 imperato·

2675 3181 2824 3222 rum
2875 3162 3289 3239 restituitur,
3360 3162 3641 3226 dubitari
3691 3152 3937 3251 nequit.
4023 3169 4173 3231 Pel·

2676 3261 2955 3326 lerinius
2990 3283 3075 3328 ex
3124 3262 3256 3326 hoc
3282 3284 3483 3327 numo
3533 3254 3817 3348 probare
3865 3269 4162 3347 instituit,

2675 3361 2800 3427 hos
2851 3363 3028 3448 ipsos
3079 3378 3433 3428 renovatae
3490 3369 4005 3439 consecrationis
4058 3393 4170 3434 nu·

2654 3476 2820 3527 'mos
2847 3484 2983 3542 non
3015 3465 3378 3551 imperante
3422 3466 3761 3547 Gallieno,
3811 3471 3990 3557 quod
4032 3472 4166 3556 plo-
4269 3453 4289 3472 ⁶

2673 3564 2898 3648 risque
2943 3586 3150 3651 usque
3195 3568 3390 3631 modo
3440 3569 3687 3648 visum,
3724 3572 3869 3634 ,sed
3916 3571 4166 3636 Trebo-

2674 3667 2869 3729 niano
2899 3666 3101 3731 fuisse
3118 3688 3471 3753 percussos
3489 3715 3506 3747 ,
3553 3670 3730 3755 quod
3747 3694 3869 3736 nos
3894 3693 4165 3741 examen

2673 3766 2743 3830 iu'
2798 3782 3144 3833 tractatum
3196 3770 3281 3834 de
3326 3771 3543 3835 numia
3598 3775 4164 3841 consecrationum

2674 3865 3060 3934 differimus.
3318 3896 3433 3949 χ
3544 3890 3555 3901 ’

3007 4018 3015 4027 ·
3236 4015 3277 4056 o
3400 3973 3455 4014 Ψ
3548 4020 3605 4061 a

2963 4079 3049 4139 Vt
3080 4075 3178 4141 lit.
3217 4079 3281 4141 C.

2664 4176 3276 4242 LlBERALITAS.
3318 4179 3583 4245 AVGG.
3628 4179 3697 4246 S.
3736 4182 3812 4244 C.
3850 4184 4156 4246 Le‘bomln’·

2666 4288 2771 4342 tas
2800 4284 3002 4346 etant.
3045 4280 3191 4346 ΑΕ.
3224 4280 3275 4346 I.
3308 4282 3510 4362 (Mus.
3540 4276 3762 4362 Caes.)
3884 4292 3909 4301 “

2946 4386 3038 4450 Γ(
3068 4385 3168 4446 lie.
3209 4385 3273 4446 C.
3333 4387 3629 4447 Protome
3676 4386 3969 4451 laureata
3987 4429 4006 4463 ‚
4039 4405 4153 4466 pa·

2944 4484 3314 4550 luctamenta
3346 4483 3505 4548 auri'
3518 4489 3785 4548 bractea
3817 4496 4050 4567 operto.

3172 4710 3233 4784 c)
3271 4707 3349 4768 ad
3383 4709 3527 4768 Aen.
3566 4706 3694 4767 ΧΠ.
3749 4725 3803 4767 v.
3846 4719 3969 4783 119.
4052 4703 4059 4709 ’
