4475 5584
957 3070 995 3096 Ι

1114 449 1279 517 «ίῖἓ

1117 616 1439 703 insignem
1479 611 1796 676 maximae
1831 610 2083 673 formae
2132 611 2345 673 musei
2381 611 2611 672 Caesa-

1120 722 1259 794 rei,
1306 738 1500 802 quem
1527 712 1697 776 infra
1733 713 1932 784 dabo,
1980 712 2048 772 iu
2087 712 2386 793 catalogo
2434 734 2469 773 a
2505 733 2612 773 me

1118 822 1387 903 vulgato
1416 813 1665 879 fraudis
1699 813 2069 895 suspicione
2108 831 2479 874 onerarem.
2529 817 2614 873 At

1121 934 1466 1004 postquam
1517 916 1729 976 altero
1771 912 2069 974 examine
2130 932 2277 972 eum
2319 902 2461 973 es'sc
2503 912 2616 973 bo-

1119 1043 1278 1083 num
1305 1033 1498 1102 atque
1532 1016 1947 1078 innocentem
1987 1013 2319 1095 comperi,
2364 1027 2429 1074 et
2469 1013 2617 1073 sub-

1124 1123 1277 1186 inde
1338 1119 1667 1192 viderem,
1748 1113 1945 1177 alium
2004 1113 2390 1195 inscriptum
2440 1115 2616 1177 PI-O.

1126 1225 1303 1286 ῙΜΡ.
1363 1234 1488 1282 etc.
1536 1236 1730 1300 quem
1788 1235 1938 1275 mox
1991 1214 2388 1296 producam,
2467 1235 2616 1278 cum

1094 1325 1361 1400 „iisdem
1420 1319 1593 1382 notis
1656 1315 2180 1398 chronologicis,
2258 1329 2322 1377 et
2386 1313 2617 1376 eadem

1126 1426 1355 1509 eapitis
1422 1414 1783 1503 epigraphe
1830 1430 2085 1478 exstare
2131 1417 2198 1477 in
2242 1436 2469 1477 museo
2517 1414 2622 1475 Pi·

1126 1545 1283 1587 sano
1306 1565 1324 1597 ,
1386 1518 1823 1592 absolvendus
1858 1517 2084 1600 utique
2118 1504 2355 1577 numus
2378 1560 2395 1591 ,
2435 1531 2505 1577 -at
2543 1515 2626 1576 si·

1126 1626 1265 1690 mul
1313 1641 1556 1685 novum
1603 1618 1919 1681 habemus
1958 1618 2330 1700 exemplum
2377 1617 2622 1679 veteris
2671 1619 2688 1676 ⁴,

1125 1726 1332 1790 moris
1405 1742 1529 1807 per
1588 1720 1933 1785 Commodi
2005 1719 2357 1804 imperium
2425 1719 2622 1803 plane

1122 1828 1413 1893 «confusi.

1843 1922 1885 1963 a

1679 1966 1718 2005 ι

1414 2029 1507 2086 We
1547 2027 1648 2085 lit.
1684 2029 1764 2087 A.
1809 2035 1873 2086 et
1906 2028 1980 2085 B.

1127 2127 1393 2192 Arm..
1431 2125 1770 2187 ΜΟΝΕΤ.
1818 2129 2030 2186 seat„
2061 2107 2322 2186 aeneis.-
2365 2120 2624 2186 Aron.

1128 2227 1589 2294 MONETAE.
1632 2228 1704 2291 Ρ.
1730 2228 1818 2285 Μ.
1849 2230 1984 2287 ΤΒ.
2022 2230 2093 2290 P.
2110 2225 2256 2292 XV.
2304 2223 2624 2290 cOS.V1.

1130 2334 1367 2407 Apollo
1413 2333 1623 2391 nudus
1671 2339 1851 2390 stans
1899 2332 1960 2389 d.
1998 2332 2203 2407 capiti
2247 2331 2527 2403 admota,
2574 2346 2625 2387 s.

1124 2434 1465 2496 columnae
1498 2434 1787 2492 infixus,
1845 2429 1983 2492 AR.
2023 2429 2158 2491 ΑΕ.
2191 2429 2272 2491 11.

1262 2533 1578 2596 Iunonem
1601 2535 1923 2593 Monetam
1943 2551 2086 2593 cum
2130 2548 2213 2591 ex
2238 2527 2453 2590 numis
2476 2548 2632 2612 gen·

1128 2635 1216 2699 tis
1269 2634 1598 2709 Carisiae,
1675 2647 1814 2694 tum
1871 2643 2170 2694 veterum
2216 2628 2630 2705 testimoniis,

1132 2753 1329 2822 atque
1386 2736 1587 2797 etiam
1657 2732 1797 2815 ejus
1852 2730 2627 2815 appellationiseausam

1129 2852 1466 2911 tenemus,
1530 2856 1662 2897 non
1725 2831 1881 2896 item
1929 2836 2258 2915 Apollinis
2308 2837 2626 2908 Monetae,

1136 2962 1267 3026 quo
1300 2939 1564 3001 nomine
1596 2936 1969 3020 Apollinem
2005 2935 2166 3012 soli,
2214 2934 2395 3020 quod
2423 2933 2625 2997 seiani

1137 3039 1476 3104 Commodi
1544 3039 1760 3107 numi,
1822 3057 2130 3100 excausa
2174 3037 2337 3098 mihi
2383 3036 2628 3097 incomsi

1134 3154 1321 3227 perta
1341 3137 1804 3201 discriminant.
1856 3138 1988 3200 Sed
2019 3157 2236 3221 neque
2271 3136 2456 3199 lubet
2483 3137 2629 3198 vela

1139 3241 1535 3323 conjecturis
1581 3241 1908 3323 pandere3
1952 3261 2099 3301 nam
2146 3239 2427 3300 vidimus
2474 3238 2633 3298 huc-

1138 3361 1345 3427 usque
1389 3341 1652 3403 nomina
1703 3340 1826 3402 diis
1872 3338 2155 3413 tributa,
2234 3358 2402 3422 quae
2441 3337 2631 3398 unius

1144 3441 1488 3508 Commodi
1526 3440 1872 3503 cerebrum
1931 3440 2305 3525 generavit,
2351 3454 2506 3502 noto
2540 3441 2635 3501 ni-

1140 3546 1381 3609 mirum
1430 3541 1576 3623 ejus
1606 3541 1911 3624 ingenio,
1977 3541 2130 3626 qui,
2192 3554 2266 3603 ut
2301 3540 2387 3604 ait
2444 3543 2636 3604 Lam-

1135 3644 1393 3731 pridius
1427 3646 1519 3725 ⁸),
1578 3644 1646 3705 in
1690 3643 1891 3708 sacris
1945 3663 2030 3705 ex
2073 3642 2350 3705 libidine
2392 3644 2632 3726 potius,

1139 3769 1331 3833 quam
1372 3745 1697 3831 religione
1743 3745 2010 3809 addidit.
2083 3744 2385 3808 Eundem
2433 3745 2636 3829 Apol-

1138 3850 1343 3912 linem
1387 3852 1720 3911 Monetam
1779 3851 1930 3911 anni
1992 3866 2255 3932 quoque
2300 3847 2634 3932 sequentis

1138 3949 1326 4014 numi
1356 3951 1422 4012 in
1458 3968 1612 4012 aere
1635 3952 1681 4010 1.
1714 3947 1965 4010 formae
1997 3946 2252 4011 sistunt.

1870 4049 1909 4088 a

1432 4157 1518 4215 Vt
1557 4156 1658 4217 lit.
1696 4093 1757 4216 ἒ.
1802 4165 1884 4217 et.
1908 4158 1985 4215 B.

1129 4253 1341 4320 ¹001..
1392 4256 1468 4316 L.
1520 4256 1662 4319 AN.
1701 4252 1912 4317 COM.
1953 4256 2034 4317 Γ.
2060 4256 2151 4316 Μ.
2208 4255 2350 4316 Tr..
2387 4257 2459 4317 Ρ.
2484 4255 2630 4323 XV.

1144 4360 1323 4421 ΙΜΡ.
1371 4358 1540 4425 VIII.
1605 4354 1799 4423 cOS.
1830 4357 1941 4423 Vl.
2003 4355 2071 4419 S.
2118 4356 2189 4418 C.
2262 4359 2631 4423 Commodus

2055 1965 2097 2005 fi

2035 4092 2074 4131 ἤ

2320 401 3012 532 coMMODvs

2728 613 2976 673 velatus
3007 609 3205 674 bobus
3226 611 3482 688 junctis
3513 617 3799 670 aratrum
3831 609 4018 670 ducit.
4075 607 4192 670 ΛΕ.

2702 712 2899 812 ·1.11.
2964 712 3144 786 (Mus
3198 712 3417 784 Caes.)

2855 812 3053 872 Numi
3108 811 3298 894 hujus
3331 831 3620 873 aversam
3665 809 3792 890 jam
3847 806 3972 870 rite
4015 808 4197 890 expli-

2731 931 2930 974 cuere
2974 914 3271 988 Petinus,
3318 911 3582 996 aliique.
3663 916 3898 973 Narrat
3928 910 4198 992 Lampri-

2734 1013 2880 1075 dius
2912 1012 3014 1090 ¹’),
3073 1031 3158 1074 eo
3204 1011 3572 1074 dementiae
3615 1026 3996 1096 proveetum
4028 1013 4198 1073 Com-

2733 1114 2997 1175 modum
3028 1128 3097 1175 ut
3132 1113 3360 1175 urbem
3397 1117 3671 1174 Romam
3694 1117 4016 1176 Coloniam
4049 1116 4203 1173 Com·

2732 1219 3103 1277 moclz’anam
3139 1217 3359 1277 vocari
3399 1216 3718 1288 voluerit,
3762 1215 3875 1298 qui
3914 1215 4089 1276 furor
4118 1213 4201 1275 di-

2734 1317 2906 1378 eitur
2941 1317 3010 1378 ei
3053 1317 3227 1378 inter
3279 1316 3703 1380 delinimenta
3737 1315 4020 1378 Marciae
4064 1333 4200 1374 suae

2732 1416 3034 1497 injectus.
3101 1417 3335 1487 Addit,
3369 1438 3514 1501 quo
3565 1431 3865 1500 tempore
3908 1416 3990 1478 ad
4044 1434 4205 1502 sena·

2737 1529 2875 1578 tum
2932 1518 3161 1579 retulit
3238 1517 3321 1580 de
3384 1519 3846 1581 Commodiana
3933 1515 4202 1578 facienda

2737 1607 2982 1692 Boina,
3031 1638 3160 1679 non
3193 1620 3412 1681 solum
3458 1634 3750 1682 senatum
3794 1618 3971 1681 istud
4019 1617 4207 1678 liben-

2736 1731 2843 1780 ter
2882 1722 3248 1801 accepisse,
3298 1722 3417 1783 sed
3461 1721 3656 1782 etiam
3690 1740 3761 1781 se
3807 1721 4017 1803 ipsum
4054 1722 4207 1781 Com·

2736 1824 3106 1883 medianum
3132 1823 3486 1885 vocax'isse.
3549 1825 3651 1883 En
3679 1836 4011 1905 stuporem
4034 1820 4209 1906 etiam

2740 1936 3000 1982 senatus
3030 1923 3332 1985 consulto
3365 1923 3683 1985 munitula
3709 1967 3726 1998 ,
3784 1922 3965 2007 quod
3998 1935 4211 1983 testan-

2703 2059 2712 2074 ·
2739 2034 2849 2083 tur
2881 2044 3143 2106 quoque
3161 2024 3337 2084 numi
3369 2039 3749 2105 praesentes
3772 2038 4030 2088 senatus
4046 2023 4210 2104 jussu

2742 2123 2997 2208 signati.
3048 2125 3259 2220 Quam
3311 2125 3485 2187 istud
3538 2126 3966 2208 pertinaciter
3998 2145 4212 2187 coucu-

2741 2227 3021 2312 piverit,
3080 2226 3357 2308 amplius
3415 2225 3709 2320 declarat
3745 2228 3877 2290 Dio
3930 2227 4013 2308 ο).
4064 2229 4210 2288 Nam

2742 2328 3027 2410 jussum,
3088 2327 3210 2403 ait,
3269 2324 3473 2390 fuisse
3537 2329 3893 2413 populum,
3956 2333 4211 2391 Romam

2745 2430 2949 2513 ipsam
2983 2433 3532 2505 Commodianam,
3595 2445 3662 2492 et
3687 2432 4017 2495 exereitus
4062 2434 4215 2492 Com·

2745 2535 3083 2593 modianos
3140 2531 3472 2614 appellare
3515 2564 3633 2579 ---
3674 2546 3812 2596 tum
3871 2537 4135 2595 Romam
4182 2550 4213 2590 a

2749 2652 2820 2694 se
2866 2636 3208 2695 Aeternam
3228 2676 3245 2707 ,
3305 2636 3578 2695 Felicem
3598 2678 3615 2708 ,
3678 2638 4006 2697 Coloniam
4056 2631 4216 2695 orbis

2743 2746 3069 2794 terrarum
3113 2719 3390 2814 dictam}
3439 2734 3725 2797 voluisse
3750 2734 3926 2796 euim
3947 2735 4217 2806 omnino,

2744 2835 2976 2897 urbem
3040 2857 3220 2898 suam
3281 2856 3426 2898 esse
3492 2838 3815 2900 coloniam
3857 2836 4091 2898 videri.
4145 2836 4219 2894 At

2743 2939 2916 3001 enirn
2979 2959 3207 3020 parum
3280 2938 3544 3012 aberat,
3624 2939 3780 3023 quin
3857 2961 4027 3001 nova
4071 2937 4218 2997 haec

2742 3040 3002 3105 colonia
3037 3040 3115 3101 ab
3147 3059 3228 3103 eo
3265 3040 3407 3125 ipso
3444 3040 4059 3124 everteretur,‚qui
4090 3056 4218 3099 eam

2747 3139 3036 3203 deduxit.
3098 3144 3262 3204 Nam
3329 3141 3729 3204 incendisset
3802 3142 4077 3215 urbem,
4145 3136 4222 3198 ait

2739 3243 2878 3305 -alio
2914 3244 3063 3305 loco
3081 3243 3492 3327 Lampridius
3526 3241 3628 3322 d),
3665 3254 3895 3326 utpote
3918 3241 4223 3308 coloniam

2750 3365 2926 3407 suam
2952 3390 2970 3420 ,
3012 3345 3136 3406 nisi
3163 3344 3534 3430 prohibitus
3570 3369 3603 3408 a
3643 3349 3850 3408 Laeto
3885 3347 4139 3409 suisset.

2880 3451 3135 3530 Typus‚
3172 3467 3410 3531 nempe
3452 3447 3759 3512 sacerdos
3780 3447 4030 3511 velatus
4056 3446 4226 3529 junc-

2748 3547 2833 3609 tis
2871 3546 3078 3609 bobus
3120 3571 3346 3625 arans,
3394 3549 3669 3632 egregie
3716 3550 4110 3633 scriptorum
4144 3560 4229 3607 te·

2750 3649 3051 3711 stimonia
3108 3650 3418 3731 roborat3
3471 3672 3619 3732 nam
3667 3650 3722 3712 is
3763 3650 3997 3713 obvius
4041 3662 4134 3710 est
4169 3646 4225 3706 in

2749 3751 2964 3811 numis
3015 3750 3315 3827 urbium,
3380 3743 3546 3838 quae
3576 3754 3892 3817 Coloniae
3924 3751 4227 3814 deductae

2750 3866 2919 3914 sunt.
2966 3853 3180 3937 Atque
3217 3853 3298 3917 ad
3347 3875 3662 3918 vesanum
3691 3855 3864 3918 istud
3897 3847 4225 3918 Commodi

2747 3953 3109 4016 institutum
3133 3957 3459 4039 pertinet,
3504 3956 3681 4042 quod
3713 3957 4027 4041 perhibet
4061 3954 4220 4014 idem

2747 4054 2881 4117 Dio
2913 4058 2970 4135 e)
2990 4102 3007 4133 ,
3083 4062 3150 4121 ei
3187 4069 3468 4120 statuam
3519 4080 3785 4122 auream
3825 4061 4004 4120 mille
4047 4058 4227 4118 libra·

2748 4178 2887 4220 rum
2936 4179 3079 4222 cnm
3130 4170 3318 4224 tauro
3368 4172 3434 4224 et
3463 4181 3663 4223 vacca
3696 4164 3911 4242 fnisse
3937 4162 4225 4241 positam,

2745 4260 3051 4323 nimirum
3127 4262 3311 4325 velut
3361 4263 3659 4326 coloniae
3703 4261 4050 4325 conditori.
4124 4257 4227 4322 Vi-

2745 4361 2867 4440 de,
2913 4382 3080 4449 quae
3123 4361 3207 4427 de
3258 4383 3447 4428 sacro
3507 4364 3634 4427 hoc
3686 4364 3984 4429 coloniae
4039 4358 4228 4423 dedu-

1251 4607 1314 4675 a)
1356 4602 1416 4659 in
1441 4598 1751 4659 Commod.
1789 4619 1920 4678 cap.
1957 4602 2042 4664 16.

1136 4690 1472 4752 Commodo
1508 4709 1643 4767 cap.
1679 4699 1760 4754 15.
1914 4691 1974 4762 e)
2011 4690 2048 4746 l.
2085 4710 2137 4748 e.

2263 4603 2332 4672 h)
2377 4603 2435 4662 in
2470 4605 2776 4665 Commod.
2801 4629 2940 4687 cap.
2975 4621 3062 4674 8.··
3249 4615 3309 4682 c)
3350 4611 3413 4667 L.
3449 4610 3681 4670 LXXII.
3726 4602 3871 4687 ΗΞ».
4073 4608 4140 4676 d)
4178 4607 4232 4662 iu
