4475 5584
1056 461 1151 553 36
2028 459 2547 534 =ANN1VS

1053 654 1203 714 Iure
1228 647 1623 712 Pellerinius
1653 644 2001 727 Haymium
2030 647 2322 730 castigat,
2365 647 2541 731 quod

1014 753 1109 817 is
1159 774 1423 814 numum
1481 751 1656 813 hunc
1722 752 1796 809 L.
1829 749 2006 812 Vero
2069 747 2343 830 largitus
2395 764 2535 824 est3

1046 853 1195 926 hic,
1268 867 1609 936 antequam
1658 874 1705 924 *a
1743 854 1834 912 M.
1862 849 2134 912 Aurelio
2206 850 2275 911 in
2336 850 2529 913 colle·

1054 955 1235 1037 gium
1295 955 1554 1037 imperii
1615 967 1998 1026 vocaretur,
2071 955 2403 1026 Caesaris,
2468 965 2534 1013 et

1063 1060 1213 1118 Veri
1243 1056 1507 1117 nomina
1556 1076 1687 1117 non
1738 1053 1995 1128 habuit,
2060 1067 2141 1115 et·
2177 1067 2313 1114 tum
2347 1052 2542 1114 simul

1053 1159 1313 1231 Caesar,
1361 1157 1920 1238 simulAugustus,
1968 1154 2159 1216 simul
2181 1156 2393 1221 Verus
2409 1152 2543 1216 dic-

1048 1272 1153 1320 tus
1199 1267 1335 1334 est’,
1397 1271 1464 1319 ut
1513 1256 1593 1317 ad
1640 1256 1781 1338 ejus
1823 1276 2055 1317 numos
2101 1255 2538 1318 advertemus.

1048 1361 1233 1441 Ergo
1276 1358 1631 1420 secundum
1683 1358 1864 1439 prius
1924 1356 2095 1418 dicta
2138 1357 2330 1438 hujus
2373 1357 2535 1419 item

1050 1461 1300 1522 amicae
1375 1471 1566 1541 caput
1631 1472 1730 1518 est
1791 1462 1879 1520 M.
1918 1459 2191 1520 Aurelii.
2253 1459 2336 1519 At
2377 1478 2534 1541 quo-

1049 1582 1190 1622 rum
1231 1561 1356 1621 sint
1389 1561 1536 1620 bina
1574 1580 1839 1621 aversae
1876 1561 2083 1643 capita
2112 1604 2129 1635 ,
2179 1559 2389 1619 minus
2425 1578 2535 1620 ex·

1047 1662 1268 1746 pedita
1329 1663 1515 1723 ratio.
1564 1659 1943 1735 Commodi,
2002 1674 2068 1722 et
2127 1657 2322 1721 Annii
2368 1658 2534 1727 Veri

1049 1782 1194 1825 esse
1212 1782 1340 1824 non
1355 1775 1661 1844 possunt,
1709 1776 1780 1824 ut
1796 1762 2192 1823 Pellerinius
2230 1779 2311 1821 ex
2344 1759 2537 1821 intel-

1045 1865 1222 1926 lecto
1253 1865 1424 1925 male
1454 1863 1730 1944 Haymio
1757 1863 2009 1945 opinari
2048 1862 2305 1924 videtur
2322 1882 2341 1932 3
2382 1882 2531 1922 nam

1043 1965 1117 2027 hi
1140 1965 1417 2028 necdum
1447 1962 1581 2024 nati
1615 1962 1804 2024 fuere
1823 1963 2097 2025 Aurelio
2131 1960 2344 2024 adhuc
2378 1962 2537 2023 Cae·

1045 2086 1213 2130 aare.
1290 2065 1362 2127 Si
1411 2063 1775 2127 sinisterius
1822 2079 2016 2148 caput
2050 2076 2150 2127 est
2185 2060 2531 2136 muliebre,

1043 2166 1222 2253 quod
1250 2166 1602 2228 discrimen
1639 2166 1707 2226 in
1748 2164 1815 2225 id
1851 2184 2057 2248 genus
2086 2164 2300 2224 numis
2338 2183 2531 2246 saepe

1044 2283 1148 2331 est
1208 2267 1516 2341 dubium,
1578 2265 1752 2327 haud
1805 2264 1999 2327 dubie
2064 2266 2192 2327 erit
2234 2264 2532 2327 Lucillae

1040 2369 1299 2431 Aurelii
1346 2366 1550 2440 filiae,
1625 2380 1691 2430 et
1745 2366 2119 2450 oppositum
2175 2379 2370 2449 caput
2414 2367 2534 2427 Ce-

1036 2469 1204 2554 jonii
1260 2469 1639 2545 Commodi,
1702 2467 1812 2550 qui
1872 2464 2144 2528 subinde
2190 2468 2269 2528 L.
2315 2467 2531 2530 Verus

1039 2570 1254 2635 dictus
1299 2587 1436 2646 est,
1483 2584 1549 2633 et
1573 2590 1721 2633 eum
1755 2567 1873 2630 hac
1903 2567 2162 2632 Lucilla
2200 2565 2532 2629 matrimo-

1035 2674 1149 2736 nio
1177 2674 1461 2757 junctus.

1162 2775 1377 2837 Aliter
1440 2773 1850 2837 sentiendum
1906 2770 1988 2833 de
2033 2790 2273 2846 numo,
2329 2790 2525 2854 quem

1034 2875 1140 2939 his
1164 2876 1385 2941 verbis
1423 2876 1734 2961 proponit
1786 2888 2017 2938 auctor
2061 2870 2273 2934 musei
2308 2871 2525 2933 Theu-

1036 2977 1211 3062 poli,
1260 2980 1437 3063 (pag.
1478 2998 1550 3059 qi
1563 2976 1663 3074 3.)-

1227 3195 1240 3206 .
1315 3115 2110 3207 OTHPOC.KA1CAP.
2172 3119 2524 3222 capace..-

1310 3250 1411 3307 m‘t'
1446 3248 1595 3306 Veri
1628 3249 1892 3307 nudum.

1039 3374 1426 3444 CTPlnN.
1467 3376 1771 3443 KABIP.
1854 3382 2083 3460 Capita
2129 3382 2404 3442 adversa
2435 3383 2523 3444 M.

1039 3485 1328 3556 Aurelii,
1372 3491 1437 3542 et
1464 3484 1537 3543 L.
1576 3484 1726 3542 Veri
1758 3484 2075 3556 laureata,
2117 3481 2257 3545 ΑΕ.
2289 3481 2403 3545 111.

1159 3582 1343 3645 Istud
1375 3582 1800 3666 praeconium
1831 3584 1888 3645 si
1910 3602 2157 3657 verum,
2203 3593 2396 3665 caput
2412 3603 2518 3643 an-

1030 3682 1205 3768 ticae
1262 3683 1533 3745 alterius
1600 3703 1745 3746 esse
1786 3683 2045 3769 nequit,
2089 3701 2281 3766 quam
2329 3681 2524 3766 hujus

1035 3783 1248 3847 nostri
1280 3785 1476 3846 Annii
1501 3784 1699 3857 Veri,
1746 3804 1895 3848 cum
1928 3788 2019 3845 M.
2049 3782 2358 3846 Aurelius
2390 3782 2523 3867 jam

1027 3905 1322 3949 aversam
1340 3885 1671 3949 invaserit.
1729 3885 1996 3970 Alioqui
2032 3904 2155 3969 per
2191 3884 2359 3947 hanc
2394 3884 2527 3946 dis-

1031 3988 1436 4072 putationem
1462 4006 1597 4049 non
1628 3985 1803 4049 istud
1852 3985 1980 4071 egi,
2020 4000 2091 4047 ut
2122 3985 2521 4062 evincerem,

1033 4086 1250 4151 Annio
1275 4090 1461 4157 Vero
1494 4109 1626 4150 non
1662 4107 1857 4170 posse
1892 4088 2249 4152 convenire
2272 4087 2530 4170 epigra-

1032 4189 1208 4275 phen
1226 4183 1612 4253 OTHPOC.
1661 4185 2038 4265 KAICAP,
2104 4188 2222 4251 sed
2253 4200 2524 4266 tantum,

1038 4311 1115 4355 ea
1152 4291 1346 4355 etiam
1367 4311 1552 4353 usum
1584 4290 1924 4353 Aurelium
1945 4290 2314 4366 Caesarem,
2348 4289 2526 4375 quod

1036 4393 1302 4480 negavit
1332 4393 1434 4457 vir
1464 4391 2055 4476 praestantissimus
2083 4390 2519 4456 Froelichius.

1162 4494 1267 4556 Ex
1282 4493 1408 4570 his,
1452 4513 1618 4578 quae
1646 4491 1845 4556 modo
1863 4491 2215 4576 disputavi,
2251 4511 2527 4578 sequen-

1152 4707 1215 4779 a)
1251 4706 1389 4782 Pag.
1426 4712 1536 4778 915
1571 4712 1629 4762 et
1663 4712 1793 4778 918.

1936 4705 2006 4781 b)
2044 4706 2209 4767 Tom.
2249 4703 2320 4766 11.
2361 4723 2422 4783 p.
2459 4712 2585 4779 289.

2650 461 3067 537 VERVS.

2652 660 2754 710 tes
2798 649 3070 733 regulae
3108 631 3334 734 suapte
3378 647 3735 735 profluunt.
3809 649 4012 715 Numi
4052 651 4143 712 in-

2657 749 2888 831 scripti

2777 847 2884 915 M.
2904 848 3404 917 ATPHAIOC.
3422 849 3738 916 BHPOC.
3778 852 3917 935 (vel
3932 846 4145 914 OTH-

2652 945 2874 1033 Poe.)
2916 949 3286 1021 KAICAP.
3332 970 3482 1020 sunt
3527 969 3779 1020 tantum
3815 957 3905 1017 M.
3940 955 4144 1016 Aure·

2658 1050 2771 1127 lii,
2817 1066 2890 1114 ut
2921 1067 3120 1136 patet.

2780 1148 3282 1221 ATPHAIOC.
3327 1152 3714 1223 OTHPoc.
3781 1152 4142 1242 KAICAP..

2652 1252 2909 1315 Aurelii
2939 1269 3188 1320 tantum
3225 1260 3434 1323 adhuc
3471 1259 3803 1336 Caesaris,
3849 1271 3988 1321 tum
4039 1256 4140 1318 bis

2646 1355 3019 1418 nominibus
3046 1360 3166 1422 usi.
3239 1365 3386 1423 Non
3417 1380 3688 1444 prorsus
3734 1358 4138 1444 negaverim,

2649 1475 2844 1536 posse
2891 1479 3151 1543 quoque
3188 1477 3565 1544 competere
3612 1464 3690 1524 L.
3713 1464 3892 1528 Vero
3927 1461 4136 1546 Aug„

2650 1577 2800 1619 cum
2830 1559 3067 1623 Graeci
3100 1582 3232 1623 non
3284 1583 3433 1624 raro
3471 1558 3950 1625 CSBACTOT
3986 1561 4136 1622 titu-

2648 1656 2784 1720 lum
2856 1664 3375 1743 suppresserint,
3450 1677 3514 1725 at
3561 1676 3696 1724 tum
3740 1661 3934 1725 facile
3978 1658 4144 1723 indi·

2650 1757 2822 1821 cium
2867 1780 2950 1821 ex
2993 1762 3213 1839 vultu5
3260 1765 3314 1825 si
3362 1762 3746 1845 juvenilior,
3792 1778 3858 1826 et
3914 1761 4140 1824 mode·

2649 1861 2809 1923 stius
2861 1860 3205 1940 barbatus,
3268 1866 3394 1928 erit
3426 1865 3717 1940 Aurelii,
3764 1864 3817 1925 si
3862 1863 4138 1949 promis·

2649 1961 2890 2024 siorem
2924 1964 3194 2027 barbam
3237 1965 3580 2051 appendit,
3644 1967 3723 2030 L.
3760 1966 3941 2032 Veri.
3997 1949 4008 1958 “

2777 2060 2984 2124 ΑΤΡ.
3039 2063 3354 2130 BHPOC.
3417 2065 3562 2130 vel:
3645 2060 4140 2131 ATPHAIOC.
4216 2057 4240 2078 '¹

2647 2158 3032 2229 OTHPOC.
3098 2167 3354 2230 Aurelii
3389 2180 3679 2242 tantum,
3722 2166 3898 2231 forte
3943 2169 4141 2230 etiam

2649 2265 2729 2327 L.
2763 2266 2926 2334 Veri
2947 2270 3114 2351 Aug.
3150 2268 3504 2331 secundum
3521 2267 3835 2330 indicium
3866 2270 3933 2330 in
3950 2287 4142 2352 prae·

2650 2366 2928 2430 cedente
2979 2369 3208 2452 regula
3257 2370 3545 2432 allatum.
3622 2374 3872 2432 Auctor
3926 2367 4142 2431 musei

2649 2466 2980 2552 Theupoli
3054 2488 3170 2531 eos
3228 2470 3499 2534 nimium
3583 2467 3998 2533 confidenter
4055 2471 4131 2535 1..

2642 2569 2824 2637 Vero
2856 2572 3028 2653 Aug.
3067 2588 3449 2636 muneratur
3488 2573 3569 2654 ⁸).

2770 2665 3163 2736 OTHPoc.
3190 2671 3545 2737 KAJCAP.
3592 2672 3707 2735 Sin
3722 2671 3939 2735 vultus
3957 2667 4143 2732 adul·

2640 2770 2805 2848 tior,
2867 2792 2942 2834 ac
2992 2774 3347 2858 praecipue
3403 2774 3459 2835 si
3491 2772 3829 2835 barbulam
3865 2773 4139 2855 promit-

2644 2872 2718 2934 tit
2740 2916 2757 2947 ,
2801 2871 2978 2934 haud
3007 2871 3201 2936 dubie
3258 2888 3359 2938 est
3389 2877 3481 2937 M.
3515 2873 3770 2936 Aurelii
3801 2872 4104 2935 Caesaris
4113 2892 4137 2947 3

2640 2973 2742 3036 sin
2773 2972 3121 3036 admodum
3174 2974 3520 3054 juvenilis,
3564 2994 3696 3036 non
3735 2972 4133 3037 diffitebitur

2632 3074 2915 3136 Annium
2964 3075 3235 3140 Verum.
3290 3076 3477 3138 Aliae
3516 3075 3908 3160 peristases‚
3980 3096 4138 3159 qua·

2638 3176 2738 3238 les
2774 3196 2968 3259 supra
3003 3174 3318 3251 indicavi,
3360 3176 3754 3261 plerumque
3795 3175 3995 3239 facile
4016 3173 4142 3240 cri·

2641 3277 2880 3339 terium
2938 3275 3464 3361 suppeditabunt.
3543 3278 3902 3361 Perperam
3959 3277 4139 3358 Hay·

2643 3378 2813 3440 mius
2851 3399 3118 3440 numum
3175 3379 3268 3442 sic
3302 3377 3687 3462 inscriptum
3732 3377 4018 3463 largitur
4059 3379 4148 3442 1..-

2642 3481 2852 3561 Vero,
2868 3475 2968 3564 b).
3044 3495 3112 3543 et
3172 3480 3444 3543 nimium
3496 3478 3883 3564 frequenter
3956 3480 4139 3543 hune

2638 3601 2935 3644 errorem
2999 3594 3175 3644 errat
3225 3594 3454 3645 auctor
3496 3581 3712 3642 Musei
3772 3580 4137 3666 Theupoli.

2638 3680 2943 3747 Observo
2996 3695 3241 3759 tamen,
3309 3702 3661 3767 suppresso
3704 3667 4140 3766 praenomine

2635 3778 2744 3859 A,
2805 3784 2943 3846 sive
2992 3788 3218 3860 Lucii,
3279 3797 3347 3848 et
3397 3784 3589 3848 titulo
3641 3776 4140 3846 CGBACTOT

2635 3903 2832 3967 posse
2859 3885 3054 3974 etiam
3085 3906 3319 3949 numos
3350 3871 3830 3967 sic'inscriptos
3865 3902 4166 3968 compe-5

2642 3997 2786 4048 tere
2820 3986 3001 4050 Vero
3035 3988 3202 4071 Aug.
3223 4031 3241 4064 ,
3287 3987 3404 4049 sed
3432 4005 3619 4047 rarus
3652 3986 3782 4048 erit
3821 3984 3878 4048 is
3921 4005 4138 4062 casus,

2641 4108 2718 4149 ac
2761 4100 2900 4148 tum
2948 4087 3050 4149 illi
3089 4086 3672 4172 patrocinabuntur
3713 4085 4137 4163 lineamenta,

2640 4187 2841 4251 barba
2874 4188 3294 4272 promissior,
3339 4188 3591 4252 laurea.

2765 4285 3086 4353 BHPOC.
3143 4291 3350 4374 Caput
3403 4287 3693 4373 juvenile
3733 4286 4023 4366 nudum,
4067 4288 4140 4353 in

2639 4410 2878 4467 numo,
2929 4412 3125 4475 quem
3157 4412 3351 4476 supra
3392 4393 3473 4451 ex
3508 4388 3789 4471 Haymio
3838 4389 4139 4455 secundo

2637 4491 2789 4555 loco
2825 4488 3166 4577 descripsi.
3225 4489 3466 4556 Editor
3494 4511 3644 4555 eum
3690 4490 3906 4554 Annio
3949 4493 4137 4558 Vero
