4475 5584
1186 464 1953 564 A1,ssx-an13R
2042 464 2610 539 SEVERvs.

357 673 510 739 cum
539 670 707 714 anno
740 651 962 725 CMB,
1008 659 1165 723 242,
1213 670 1405 734 quem
1438 649 1602 738 adeo
1640 652 1853 736 signa·

355 767 493 828 tum
543 753 834 836 oportuit
881 750 964 814 ab
1011 763 1274 812 autumo
1320 751 1400 814 V.
1430 755 1501 815 C.
1534 754 1694 833 988,
1740 772 1852 815 ve·

361 875 508 915 rum
568 853 679 936 qui
748 852 959 929 istud,
1040 852 1095 913 si
1147 855 1481 927 Mamaea,
1544 854 1852 937 filiusque

363 957 488 1037 jam
545 954 613 1015 in
660 954 902 1014 Martio
956 952 1098 1038 ejus
1126 952 1295 1015 muni
1332 973 1453 1038 per
1502 954 1629 1015 vim
1665 974 1856 1018 occu-

362 1056 617 1118 buere?
690 1055 878 1136 Ergo
916 1074 1046 1138 quo
1100 1066 1400 1140 ternpore
1457 1054 1601 1115 iniit
1653 1077 1856 1116 annus

368 1167 487 1230 242
540 1155 1042 1228 Amisenorum,
1092 1154 1478 1218 *Alexander
1530 1173 1640 1218 aut
1699 1157 1859 1218 vixit

362 1257 608 1331 adhuc,
656 1269 763 1318 aut
793 1253 933 1337 ejus
970 1254 1104 1317 illis
1135 1276 1313 1319 mors
1346 1255 1631 1319 nondum
1668 1257 1855 1320 intel-

364 1360 536 1422 lecta
578 1358 725 1420 fuit.
1360 1341 1369 1348 ’

476 1447 743 1526 Νεῑιῖω
786 1457 1098 1521 adversus
1162 1459 1326 1548 hanc
1376 1479 1587 1542 usque
1635 1460 1696 1519 in
1752 1480 1861 1521 au-

367 1576 667 1624 tumnum
700 1580 943 1622 moram
981 1560 1259 1644 insurgit
1278 1563 1611 1643 Aegyptus
1644 1575 1863 1622 osten-

372 1662 524 1725 tatis
572 1661 706 1722 suis
757 1680 905 1723 cum
957 1660 1350 1734 Alexandri,
1398 1674 1531 1722 tum
1569 1663 1867 1722 Maximi·

371 1764 441 1825 ni
474 1736 710 1825 numis-
770 1763 869 1824 Ad
902 1763 1347 1825 Alexandrum
1394 1761 1568 1846 quod
1610 1763 1861 1837 attinet,

372 1865 430 1926 si
476 1864 534 1925 is
589 1878 869 1928 exeunte
920 1863 1131 1926 adhuc
1179 1866 1472 1945 Augusto
1527 1877 1861 1945 superstes

372 1965 535 2041 fuit,
580 1981 922 2050 oporteret
948 1965 1233 2029 existere
1258 1962 1398 2044 ejus
1434 1983 1667 2024 numos
1688 1984 1864 2025 com-

374 2068 566 2130 matis
604 2067 1023 2131 Alexandrini
1064 2065 1413 2148 inscriptos
1449 2062 1652 2128 Lae,
1697 2068 1864 2127 Nam

373 2167 735 2231 secundum
801 2168 1136 2253 cognitum
1202 2167 1674 2247 Aegyptiorum
1714 2168 1868 2250 ,cal-

375 2270 599 2332 culum
659 2289 826 2332 anno
886 2273 969 2340 V.
1016 2272 1086 2333 C.
1150 2267 1310 2347 988,
1378 2287 1508 2350 quo
1569 2282 1868 2330 mortuus

378 2386 477 2433 cst
533 2371 947 2445 Alexander,
1012 2367 1217 2432 valuit
1261 2391 1464 2431 annus
1513 2365 1604 2428 ΙΔ
1660 2388 1864 2452 usque

268 2449 273 2458 Ι
375 2470 453 2535 ad
492 2461 665 2536 diem
688 2472 924 2534 XXIX.
946 2471 1245 2552 Augusti,
1272 2490 1402 2553 quo
1439 2468 1544 2530 die
1571 2468 1866 2531 inivisset

379 2595 585 2635 annus
623 2572 982 2646 Alexandri
1019 2563 1129 2630 le.
1150 2614 1168 2645 ,
1213 2568 1332 2632 sed
1363 2590 1557 2654 quem
1586 2567 1653 2630 in
1680 2567 1864 2629 nullo

374 2672 938 2756 adhuc.eatalogo
990 2671 1252 2754 reperi,
1313 2689 1482 2734 anno
1528 2683 1863 2753 postremo

377 2789 509 2838 tam
579 2774 647 2836 in
713 2774 929 2837 n‘umis
998 2772 1393 2846 Alexandri,
1468 2793 1660 2855 quam
1730 2774 1863 2833 Ma-

380 2895 605 2939 maeae
647 2887 1023 2938 constanter
1072 2872 1158 2935 ΙΔ
1207 2887 1452 2937 notato.

374 2978 587 3042 valeat
640 2974 815 3038 istud
865 2988 1363 3060 argumentum,
1409 2995 1557 3039 cum
1596 2972 1866 3037 evenire

372 3079 573 3142 facile
633 3078 881 3162 possit,
969 3061 1442 3161 utaliquando
1501 3095 1585 3136 ex
1650 3088 1867 3136 terrae

383 3179 569 3254 sinu,
631 3191 741 3240 aut
798 3197 1025 3239 museo
1072 3177 1284 3240 adhuc
1324 3179 1555 3262 ignoto
1601 3190 1868 3240 eruatur

378 3300 618 3342 numus
660 3298 829 3340 anno
886 3274 975 3336 ῙΕ
1019 3278 1319 3363 insignis.
1402 3280 1641 3345 Acrius
1676 3297 1869 3360 urge·

378 3382 543 3445 hunt
594 3378 776 3440 numi
822 3377 1159 3441 Maximini
1221 3379 1519 3465 inscripti
1560 3380 1641 3444 L.
1675 3379 1753 3440 A.
1788 3376 1867 3440 B.

379 3479 458 3544 Γ.
496 3482 576 3544 Δ.
619 3485 723 3543 Ex
771 3480 871 3542 his
916 3501 1189 3544 necesse
1220 3496 1355 3558 est,
1405 3503 1636 3554 numos
1672 3481 1750 3542 L.
1784 3482 1863 3541 Α.

376 3585 669 3668 signatos
695 3583 901 3645 fuisse
932 3581 1038 3646 vel
1077 3594 1225 3645 ante
1260 3584 1433 3646 diem
1471 3583 1707 3646 XXIX.
1742 3587 1869 3644 Au-

376 3687 552 3771 gusti
583 3684 663 3755 V.
692 3685 765 3747 C.
808 3683 972 3765 988,
1018 3682 1126 3746 vel
1162 3699 1333 3769 post.
1398 3686 1578 3750 Istud
1616 3698 1868 3768 postre-

377 3809 583 3864 mum,
617 3798 801 3851 certe
849 3784 982 3849 dici
1031 3785 1298 3870 nequit3
1356 3809 1506 3850 nam
1572 3800 1708 3849 tum
1752 3805 1868 3848 ne·

379 3909 511 3975 que
566 3907 692 3974 pro
747 3906 918 3950 anno
944 3878 953 3889 '
982 3887 1323 3950 Maximini
1356 3884 1452 3967 Γ,
1497 3888 1707 3950 multo
1750 3885 1867 3974 mi-

377 4012 501 4053 nus
540 4009 664 4075 pro
711 4005 881 4051 anno
919 3983 977 4047 Δ
1030 3987 1254 4052 locum
1305 3989 1750 4074 reperiemus,
1796 4001 1867 4051 ut

376 4089 628 4174 patebit
677 4088 747 4154 in
793 4102 1059 4153 moneta
1094 4087 1454 4153 Maximini.
1535 4089 1721 4175 Ergo
1753 4110 1868 4153 ne·

375 4191 664 4258 cessario
714 4204 886 4256 ante.
949 4192 1038 4254 At
1073 4212 1198 4277 qua
1246 4206 1385 4255 tum
1424 4191 1680 4255 ratione
1712 4192 1865 4254 Ale·

375 4292 696 4357 xandrum
748 4291 961 4356 adhuc
1004 4294 1224 4358 vivum
1278 4292 1385 4354 die
1435 4294 1606 4355 xm.
1645 4294 1867 4378 Augu-

384 4397 468 4460 sti
508 4394 1019 4479 praestabimus,
1085 4409 1157 4458 ut
1195 4387 1436 4458 docent
1473 4392 1669 4476 hujus
1722 4412 1866 4457 sen-

380 4498 624 4564 tentiae
660 4497 918 4580 patroni
954 4516 1033 4560 ex
1070 4495 1551 4581 subscriptione
1588 4493 1756 4579 legis
1785 4493 1866 4558 ab

1529 2873 1616 2935 At
1650 2873 1864 2933 minus
1892 2913 1899 2922 -

3314 485 3455 553 283

1966 645 2095 708 hoc
2159 645 2562 730 imperatore
2628 649 2751 712 hac
2811 647 2920 714 die
2974 648 3192 715 facta?
3273 653 3465 730 Esto,

1965 749 2413 811 Alexandrum
2444 770 2575 813 uno
2606 751 2900 814 alterove
2934 767 3083 835 post
3120 754 3285 817 hanc
3321 754 3475 816 sub-

1969 849 2398 936 scriptionem
2431 850 2537 913 die
2582 871 2868 915 caesum.
2939 856 3042 914 An
3077 855 3465 932 verisimile,

1970 953 2265 1033 potuisse
2321 951 2634 1013 nuncium
2687 952 2944 1029 caedis,
3004 969 3071 1017 et
3121 957 3335 1018 evecti
3389 957 3471 1018 ad

1971 1051 2322 1132 imperium
2391 1054 2764 1131 Maximini,
2827 1054 3100 1140 ejusque
3149 1072 3468 1148 a0senatu

1973 1146 2344 1215 confirmati
2372 1154 2541 1216 intra
2564 1157 2706 1215 ΧΠ.
2745 1154 3015 1218 circiter
3037 1158 3304 1238 ‘dierum
3337 1181 3479 1242 spa-

1972 1252 2134 1314 tium
2194 1253 2275 1315 ab
2313 1255 2547 1320 ultimo
2595 1257 2833 1318 Rheno
2879 1256 2961 1318 ad
3008 1259 3228 1319 Nilum
3267 1281 3475 1344 usque

1968 1343 2362 1436 pertenire,
2427 1356 2490 1418 ei
2528 1378 2681 1418 mox
2729 1356 2810 1418 ab
2862 1359 3327 1421 Alexandrinis
3369 1360 3483 1423 ba-

1975 1453 2120 1516 beri
2157 1453 2351 1518 fidein
2378 1502 2393 1533 ,
2443 1471 2509 1520 et
2556 1457 2769 1520 adhuc
2820 1458 3065 1542 signari
3106 1482 3341 1523 numos
3384 1464 3484 1524 in-

1977 1556 2222 1639 scripto
2252 1560 2325 1618 L.
2350 1557 2474 1634 A„
2521 1573 2869 1643 antequam
2908 1574 3049 1623 orta
3080 1562 3220 1624 dies
3241 1543 3477 1627 XXIX.

1976 1659 2259 1741 Augusti
2316 1659 2574 1730 literam
2641 1660 2806 1721 Ain
2874 1664 2929 1721 B
2994 1666 3479 1727 commutaret?

1976 1759 2077 1822 Ab
2153 1759 2254 1820 his
2310 1760 2514 1843 ig'itur
2576 1760 3051 1845 Aegyptiorum
3115 1766 3331 1827 nemis
3389 1770 3483 1826 in-

1977 1860 2149 1921 victe
2193 1859 2544 1938 docemur,
2587 1882 2716 1923 non
2753 1862 3054 1944 quidem,
3117 1865 3293 1949 quod
3330 1868 3478 1930 aliis

1977 1959 2260 2043 placuit,
2325 1961 2772 2024 Alexandrum
2839 1962 2966 2044 jam
3031 1987 3256 2030 mense
3307 1972 3478 2033 Mar-

1984 2061 2074 2123 tio
2107 2060 2281 2122 diem
2322 2062 2608 2126 obivisse
2633 2109 2651 2138 ,
2695 2062 2818 2126 sed
2866 2079 3083 2127 tamen
3119 2067 3293 2150 justo
3329 2083 3479 2133 ante

1983 2161 2159 2223 diem
2232 2166 2404 2224 X111.
2485 2163 2764 2246 Augusti
2840 2168 3086 2251 spatio,
3168 2171 3476 2234 nimirum

1983 2277 2294 2348 quantum
2357 2263 2854 2349 requirebatur,
2935 2284 3007 2332 ut
3077 2272 3304 2355 'agnito
3356 2292 3483 2355 per
3551 2288 3560 2292 ’

1982 2366 2354 2446 provincias
2407 2390 2582 2432 novo
2632 2368 3024 2454 imperatori
3069 2373 3251 2434 numi
3321 2375 3480 2438 seri·

1934 2474 2232 2530 ‘rentum
2323 2467 2454 2562 Qui
2512 2484 2911 2533 memoratae
2973 2472 3473 2558 subscriptionis

1983 2567 2427 2631 testimonium
2465 2571 2645 2633 volet
2693 2556 3043 2654 regerere,
3093 2574 3154 2635 ei
3191 2576 3478 2658 probare

1979 2667 2343 2742 incumbet,
2386 2669 2700 2752 majorem
2724 2692 2869 2734 esse
2900 2674 3478 2757 subscriptionum,

1981 2788 2138 2850 quas
2187 2769 2567 2853 saepissime
2621 2770 2859 2835 fallere
2896 2774 3477 2858 deprehendimus,
3539 2790 3551 2800 ‘

1979 2869 2475 2947 auctoritatem,
2522 2893 2711 2956 quam
2762 2894 3110 2939 numorum
3166 2878 3480 2958 synchro-

1983 2990 2238 3032 norum.
2308 2974 2556 3033 Earum
2610 2971 2817 3034 intuta
2857 2971 3020 3036 fides
3054 2976 3184 3058 jam
3218 2979 3475 3062 pridem

1983 3070 2244 3156 cognita
2303 3070 2610 3148 eruditis,
2679 3087 2751 3136 ut
2793 3073 3091 3156 pluribus
3135 3078 3339 3156 locis,
3401 3101 3475 3144 ac

1983 3171 2366 3254 cumprimis
2417 3172 2482 3234 in
2529 3188 2682 3238 nota
2731 3175 2873 3241 ΧΠ,
2937 3177 3002 3239 in
3048 3179 3474 3245 Maximillam

1982 3273 2285 3357 probavit
2324 3274 2806 3341 Tillemontius.
2855 3274 3053 3374 Quod
3086 3281 3164 3342 ad
3204 3303 3473 3345 numum

1983 3375 2286 3437 Amasiae
2334 3377 2601 3451 attinet,
2668 3378 2779 3462 qui
2825 3364 3184 3443 Alexandri
3233 3404 3469 3448 necem

1982 3476 2197 3539 adhuc
2244 3478 2505 3560 longius
2555 3479 2817 3558 differt,
2861 3483 3037 3545 hunc
3092 3497 3307 3561 cette,
3355 3487 3480 3570 etsi

1984 3577 2340 3664 genuinum
2403 3578 2672 3657 demus,
2733 3596 2928 3668 atque
2989 3584 3055 3645 in
3116 3604 3197 3648 eo
3242 3607 3476 3650 revera

1981 3702 2222 3742 annum
2274 3682 2453 3744 CMB
2493 3695 2787 3758 exstare,
2833 3684 3180 3767 insigniter
3219 3687 3478 3765 fallere,

1981 3780 2178 3845 facile
2214 3800 2296 3842 ex
2331 3781 2459 3863 jam
2495 3783 2685 3846 dictis
2711 3782 3272 3865 demonstramus,
3319 3810 3481 3874 quo·

1981 3884 2154 3944 niam
2216 3882 2272 3944 si
2317 3883 2657 3945 Maximini
2703 3907 2907 3949 annus
2943 3887 3012 3946 A
3063 3889 3283 3972 eoepit
3326 3906 3504 3974 post.

1984 3983 2160 4046 diem
2192 3983 2429 4045 xxm.
2465 3985 2784 4068 Augusti,
2830 4000 2903 4049 ut
2948 3989 3016 4049 in
3062 3989 3185 4052 hac
3239 3989 3482 4055 doctri-

1980 4107 2064 4147 na
2088 4085 2360 4147 evenire
2402 4105 2673 4147 necesse
2724 4099 2864 4163 est,
2911 4088 3094 4158 annis
3136 4090 3477 4154 Maximini
3585 4146 3590 4152 .

1977 4180 2123 4249 ret
2155 4180 2213 4244 Δ
2248 4185 2434 4247 locus
2455 4204 2586 4247 non
2614 4185 3056 4271 relinquetur.
3099 4192 3202 4251 Ex
3240 4212 3370 4275 quo
3399 4193 3481 4254 li-

1966 4303 2184 4386 .quere
2210 4285 2554 4349 manifeste
2575 4286 2882 4365 arbitror,
2916 4289 3280 4354 Alexandri
3304 4312 3481 4356 mor·

1979 4406 2114 4454 tem
2166 4407 2298 4452 non
2369 4409 2562 4472 posse
2607 4389 2909 4474 longius,
2982 4391 3110 4453 nisi
3156 4393 3300 4459 sere
3351 4393 3475 4458 sub

1980 4491 2225 4558 mensis
2257 4491 2406 4555 Iulii
2441 4490 2840 4575 principium
2879 4490 3156 4557 differri.

2859 4691 3077 4754 Nun
