4475 5584
1110 445 1256 532 462)

1171 677 1178 686 .
1236 623 1427 688 Addo
1494 640 1623 705 ego
1684 618 1787 682 his
1843 615 2083 681 fortius
2142 633 2603 704 argumentum

1099 723 1282 791 aliud
1321 745 1407 789 ex
1442 711 1640 786 numo
1683 706 1891 782 musei
1926 722 2266 784 Caesarei:

1314 859 1327 872 ·
1387 855 1419 872 -
1458 857 1486 871 -
1525 856 1554 871 -
1597 821 2061 899 TETRICVS.
2126 823 2329 892 AVG.
2400 824 2605 902 Caput

1104 931 1431 990 radiatum
1473 927 1744 1004 puerile.

1106 1027 1405 1093 SALVS.
1448 1023 1646 1092 AVG.
1693 1028 1895 1089 Salus
1934 1035 2135 1112 staua.
2180 1023 2324 1088 ΑΕ.
2366 1026 2479 1089 111.

1228 1123 1420 1193 Addo
1475 1125 1758 1210 denique
1812 1128 2257 1190 testimonium
2303 1124 2598 1210 Vopisci,

1102 1249 1254 1294 eum
1301 1251 1339 1292 a
1384 1241 1570 1311 patre
1617 1227 1684 1287 in
1736 1228 1949 1291 Gallia
1994 1240 2439 1314 nuncupatum
2485 1228 2601 1289 im-

1101 1344 1474 1415 peratorem
1523 1324 1888 1394 adserentis
1920 1335 2013 1420 ¹¹)²
2558 1410 2577 1422 l

1231 1435 1633 1515 Argumenta
1669 1431 1832 1496 haec
1862 1445 1934 1495 ut
1961 1432 2178 1497 valida
2203 1433 2275 1497 in
2307 1433 2599 1517 speciem

1104 1531 1319 1600 videri
1354 1546 1665 1619 possunt,
1710 1547 1928 1597 tamen
1965 1537 2280 1599 collatum
2319 1518 2600 1620 Augusti

1101 1636 1364 1701 titulum
1420 1655 1552 1697 non
1608 1636 1763 1698 satis
1814 1638 2147 1701 evincunt.
2201 1633 2386 1702 'Nam
2439 1641 2485 1700 Ι.
2529 1639 2599 1699 in

1097 1738 1312 1801 numis
1356 1737 1609 1814 aureis,
1655 1759 1936 1822 quorum
1981 1740 2404 1823 praeconium
2445 1761 2599 1825 pro·

1097 1853 1248 1924 pter
1300 1840 1521 1924 operis
1571 1840 1892 1917 nitorem,
1936 1853 2004 1903 et
2050 1841 2202 1924 quia
2251 1841 2426 1904 haud
2478 1841 2597 1905 du-

1096 1941 1205 2005 bie
1249 1941 1317 2002 in
1369 1942 1507 2025 ipsa
1549 1940 1865 2026 principis
1923 1940 2112 2017 sede,
2158 1942 2597 2027 atque-adcu-

1097 2032 1301 2105 ratius
1340 2044 1482 2106 cusi
1518 2057 1703 2120 sunt,
1766 2043 1980 2106 solum
2025 2055 2127 2106 est
2170 2042 2590 2121 audiendum,

1094 2147 1429 2226 Augustus
1462 2165 1792 2229 nunquam
1827 2141 2098 2222 dicitur,
2153 2145 2281 2206 nisi
2327 2145 2409 2230 iu·
2442 2166 2597 2209 con-

1097 2245 1303 2307 sortio
1355 2244 1580 2328 patris.
1646 2246 1732 2305 At
1769 2243 2048 2308 vidimus
2085 2244 2277 2321 alias,
2322 2267 2454 2310 non
2493 2270 2596 2311 ra·-

1093 2367 1173 2408 ro
1208 2344 1589 2410 manifestos
1620 2347 1932 2410 Caesares
1960 2367 2083 2429 per
2114 2366 2374 2410 causam
2408 2369 2596 2432 prae·

1096 2448 1299 2510 sentis
1340 2448 1621 2532 Augusti
1664 2448 1865 2533 patris
1908 2446 2333 2534 participasse
2387 2448 2594 2512 hono·

1095 2568 1243 2611 rem
1288 2551 1697 2634 Augusteum
1759 2548 1884 2613 sibi
1939 2548 2340 2627 indebitum,
2405 2549 2590 2633 cujus

1095 2650 1397 2734 exempla
1459 2651 1759 2714 dedimus
1803 2652 1871 2713 in
1927 2653 2287 2726 Maximino
2344 2667 2412 2714 et
2444 2635 2593 2715 ‘Ma-

1093 2755 1310 2829 ximo,
1391 2765 1459 2815 et
1521 2753 1698 2817 alibi.
1769 2755 1850 2818 11.
1899 2753 1971 2815 Si
2036 2773 2194 2818 vere
2256 2753 2588 2838 Augustus

1090 2856 1253 2930 fuit,
1312 2875 1432 2919 cur
1467 2854 1533 2915 in
1572 2853 1802 2917 iisdem
1839 2854 1942 2917 his
1975 2857 2191 2919 numis
2219 2856 2363 2938 ejus
2394 2869 2590 2940 caput

1092 2970 1470 3024 constanter
1514 2971 1615 3018 est
1676 2956 1961 3035 nudum,
2025 2979 2173 3022 cum
2218 2972 2438 3021 tamen
2481 2980 2592 3042 pa·

1093 3058 1213 3130 tris
1259 3071 1634 3154 constanter
1679 3059 1763 3123 sit
1806 3059 2215 3128 laureatum?
2260 3060 2433 3123 Sane
2458 3060 2590 3126 hoe

1692 3567 1895 3629 Aurei

1629 3737 1638 3744 ,
1689 3668 2007 3754 Argentei
2047 3669 2289 3753 impuri

1685 3771 1894 3836 Aenei
1931 3773 2040 3834 111.
2069 3770 2332 3834 -formae

1994 3608 2016 3627 ο
2100 3607 2116 3626 ο
2206 3589 2656 3633 33333

2416 3713 2435 3730 Ο
2522 3712 2539 3731 Ο
2631 3718 2646 3735 0

2414 3817 2438 3836 ,Δ
2526 3815 2544 3833 0
2632 3818 2648 3835 Ο

2093 431 2712 510 TETmcvs
2798 399 3219 510 Flm'VS.

2715 639 2880 683 aevo
2919 632 3113 704 caput
3146 615 3394 681 nudum
3443 619 3877 685 indubitatum
3918 641 4018 689 est
4052 627 4229 691 Cae*-

2675 771 2681 777 .
2717 721 2881 783 saris
2940 719 3276 785 indicium.
3363 725 3479 784 111.
3523 722 3718 787 Obvii
3760 741 3917 790 sunt
3955 727 4221 792 Tetrid

2713 822 2851 908 jun.
2895 823 3112 899 numi,
3170 823 3238 884 iu
3283 844 3564 908 quorum
3610 826 3823 892 antica
3867 827 3924 890 is
3969 830 4227 893 Caesar

2715 937 2963 987 tantum
3020 922 3294 1000 dicitur,
3359 939 3425 988 at
3480 925 3549 987 in
3604 947 3834 1010 aversa
3895 930 4222 1015 scriptum

2716 1026 3013 1090 SALVs.
3060 1026 3320 1092 AVGG.
3379 1059 3468 1073 ——
3526 1026 3760 1092 SPES.
3806 1029 4068 1097 AVGG.
4128 1065 4223 1081 —

2712 1127 3213 1192 NOBILITAS.
3257 1126 3519 1191 AVGG.
3566 1143 3690 1194 etc.
3750 1144 3825 1220 ut
3884 1141 4049 1217 e‘rgo
4104 1132 4222 1198 hio

2712 1230 2779 1291 in
2825 1230 3038 1293 numis
3079 1251 3151 1290 το
3196 1229 3462 1298 AVGG.
3528 1230 3867 1295 Tetricum
3912 1234 4051 1317 jun.
4088 1245 4217 1300 'ne-

2714 1332 3034 1417 quaquam
3079 1336 3450 1418 Augustum
3510 1334 3785 1419 probat,
3849 1336 3973 1399 etsi
4018 1337 4217 1402 illum

2712 1455 2975 1518 quoque
3009 1436 3519 1520 complectatur,
3565 1435 3655 1498 ita
3692 1456 3906 1522 neque
3935 1435 4005 1500 in
4040 1439 4217 1506 aliis.

2711 1538 2823 1602 IV.
2887 1537 3180 1598 Titulum
3252 1539 3658 1618 imperatoris
3731 1560 3866 1602 non
3940 1559 4213 1626 semper

2709 1636 2994 1721 probare
3040 1638 3235 1699 etiam
3276 1640 3672 1724 Augustum,
3698 1633 3875 1703 'satis
3913 1663 4107 1727 supra
4139 1644 4215 1707 in

2682 1753 2972 1814 ‚moneta
3012 1737 3305 1801 Salonini
3343 1739 3646 1805 disserui.
3694 1742 3891 1837 Quod
3928 1744 3984 1805 si
4020 1764 4213 1810 reve-

2706 1859 2780 1902 ra
2837 1842 3168 1923 Augustus
3233 1840 3476 1904 dicitur
3533 1842 3601 1904 in
3666 1844 3928 1920 aeneis,
3986 1845 4205 1932 iisque

2707 1942 3151 2025 paucissimis,
3198 1956 3267 2005 et
3320 1944 3646 2027 explicate
3697 1946 3764 2006 in
3816 1945 4015 2011 unico
4066 1961 4206 2010 tan—

2668 2056 2886 2119 .tum,
2944 2042 3139 2108 facile
3183 2044 3359 2106 istud
3401 2045 3603 2108 tribui
3646 2058 3869 2130 potest
3915 2062 4207 2112 moneta-

2705 2144 2790 2207 rii
2840 2144 3250 2229 ignorantiae
3291 2145 3637 2209 titulorum
3684 2148 3816 2212 vim
3865 2171 3998 2214 non
4046 2150 4203 2214 satis

2704 2247 3168 2332 percipientis,
3227 2245 3584 2330 praecipue
3631 2267 3777 2310 cum
3822 2253 4043 2335 operis
4090 2274 4205 2315 ru-

2705 2349 2908 2424 ditas,
2981 2367 3147 2432 quae
3206 2347 3565 2431 plerosque
3615 2351 4035 2416 Tetricorum
4094 2374 4205 2418 ae-

2703 2470 2868 2513 neos
2898 2448 3074 2511 inter
3104 2446 3418 2510 barbaros
3444 2449 3589 2528 jure
3623 2450 3905 2537 ablegat,
3941 2454 4199 2519 abunde

2702 2551 2973 2627 doceat,
3018 2550 3101 2612 ab
3155 2549 3644 2632 imperitissima
3685 2571 3804 2615 eos
3855 2573 4050 2618 manu
4098 2555 4205 2621 fu·

2704 2654 2835 2715 isse
2891 2651 3282 2716 elaboratos.
3340 2652 3645 2737 Denique
3700 2653 4076 2719 Trebellius
4128 2671 4201 2722 et

2702 2737 2973 2830 Victor,
3008 2754 3119 2836 qui
3145 2768 3488 2840 utramque
3519 2753 3661 2836 ejus
3687 2754 4015 2820 fortunam
4047 2737 4201 2842 pro-

2705 2854 2969 2932 didere,
3014 2875 3165 2918 eum
3201 2859 3569 2942 Augustum
3613 2879 3972 2943 nunquam,
4022 2860 4203 2946 quod

2703 2977 3077 3021 memorare
3121 2973 3303 3022 certe
3347 2980 3479 3022 non
3522 2960 4005 3042 neglexissent,
4082 2961 4199 3025 sed

2700 3060 3056 3128 Caesarem
3101 3060 3313 3126 solum
3362 3061 3717 3147 appellant.

2735 3715 3399 3738 0000000

2286 4091 2540 4152 PJSo
2610 4090 2965 4154 FRVGJ.

1176 4286 1271 4348 vA
1315 4282 1649 4350 veteribus
1693 4284 1827 4347 illis
1872 4285 2241 4369 calpurniis
2286 4261 2574 4351 creditus

1088 4404 1296 4471 genus
1342 4384 1619 4463 ducere,
1664 4400 1939 4470 propter
1976 4385 2262 4469 justitiae
2308 4402 2389 4452 et·
2412 4389 2575 4451 inte-

1084 4488 1340 4574 gritatis
1384 4489 2020 4556 commendationem
2069 4490 2239 4574 apud
2284 4511 2574 4555 summos

2690 4285 2874 4370 juxta
2932 4306 3007 4350 ac
3063 4283 3321 4349 infimos
3377 4287 3729 4372 gratiosus.
3814 4291 3877 4352 A
3919 4295 4193 4358 Macria-

2689 4409 2775 4450 no
2820 4387 2899 4452 ad
2958 4388 3488 4454 interficiendum
3531 4389 3884 4458 Valentem
3926 4394 4184 4474 missus,

2690 4513 2838 4554 cum
2901 4490 3173 4578 exsequi
3232 4491 3530 4557 mandatu
3591 4513 3726 4557 non
3787 4511 4042 4579 posset.
4114 4499 4183 4562 iu

1093 4638 4171 4675 *vm

1154 4700 1217 4771 a)
1260 4698 1321 4754 in
1361 4699 1681 4759 Aureliano
1721 4722 1770 4760 c.
1811 4708 1898 4766 δίε.
