4475 5584
1069 446 1206 516 128

1347 612 1521 679 modi
1533 611 1859 672 radiatum
1880 650 1896 679 ‚
1927 608 2197 674 alterum
2227 606 2555 679 muliebre,

1344 717 1529 790 cujus
1554 711 1803 788 pectori
1834 711 2053 789 adfixa
2072 709 2272 785 pelta.

1060 814 1398 878 PIETAS.
1453 812 1655 877 AVG.
1689 812 1762 871 P.
1796 813 1887 870 M.
1923 809 2173 869 '1·R..P.
2211 839 2239 852 ·
2271 840 2299 853 ·
2329 839 2356 853 -
2413 812 2554 870 Mu-

1062 922 1182 980 lier
1226 919 1453 977 sedens
1505 916 1567 973 d.
1600 912 1890 972 adstanti
1938 911 2182 988 infanti
2225 911 2388 991 quid
2403 931 2554 991 por-

1059 1021 1234 1100 raet'ys't.
1295 1017 1434 1078 AE.
1470 1035 1638 1074 max.
1676 1009 1855 1073 mod.
1914 1011 2111 1091 (Reg.
2143 1009 2349 1089 Gau.)

1185 1116 1587 1182 Num-ismata
1618 1110 1880 1174 maximi
1912 1110 2161 1172 moduli
2196 1111 2421 1193 hujus,
2483 1125 2551 1176 et

1061 1216 1393 1304 sequentis
1420 1215 1567 1278 anni
1602 1232 1735 1274 non
1768 1213 1919 1274 raro
1975 1226 2168 1294 caput
2207 1213 2551 1277 Commodi

1062 1342 1211 1385 cum
1259 1316 1565 1381 muliebri
1616 1314 1911 1396 jugatum
1974 1311 2281 1377 offerunt.
2369 1317 2551 1377 Istud

1062 1423 1385 1506 galeatum
1455 1417 1846 1500 plerumque
1903 1427 2035 1489 est,
2093 1415 2549 1500 creditumque

1061 1518 1470 1604 antiquariis,
1550 1515 1669 1577 illo
1712 1512 1993 1599 effigiari
2038 1515 2349 1606 Marciam
2397 1536 2558 1578 con·-

1059 1622 1357 1685 cubinam
1382 1663 1400 1693 ,
1443 1633 1635 1702 quam
1655 1614 1914 1699 perdite
1937 1613 2315 1697 deperibat,
2359 1636 2556 1699 prae--

1058 1724 1248 1805 cipue
1278 1722 1345 1782 in
1379 1717 1727 1782 Amazonis
1752 1715 2013 1791 habitu,
2061 1735 2190 1801 quo
2227 1737 2369 1779 eam
2387 1717 2562 1800 fingi

1055 1824 1446 1908 plerumque
1488 1820 1695 1882 voluit
1728 1820 1821 1899 ⁸),
1880 1831 1945 1882 et
1969 1839 2161 1900 quam
2197 1831 2374 1879 tanto
2408 1820 2546 1902 qui-

1058 1924 1209 1985 dem
1247 1941 1448 2004 opere
1470 1920 1594 1982 hoc
1635 1921 1818 1982 cultu
1851 1918 2113 1992 dilexit,
2159 1932 2230 1981 ut
2262 1920 2545 2002 primum

1058 2023 1208 2085 anni
1244 2041 1534 2083 mensem
1584 2020 1666 2083 ab
1700 2038 1776 2081 ea
1805 2024 2236 2083 Amazonium
2268 2025 2550 2101 appella-

1055 2135 1153 2189 ret
1179 2121 1243 2205 b)
1263 2168 1280 2198 ‚
1310 2122 1719 2183 *Amazoniae
1746 2120 2030 2203 imagine
2062 2121 2287 2183 literas
2332 2122 2552 2206 obsig-

1056 2223 1368 2301 naret-0),
1443 2222 1585 2306 ipse
1622 2221 1983 2285 Amazonio
2039 2222 2264 2283 habitu
2311 2222 2376 2283 in
2407 2244 2551 2285 are·

1051 2343 1201 2389 nam
1252 2323 1725 2398 descenderet,
1768 2322 2114 2385 Amazonii
2148 2324 2273 2386 sibi
2307 2344 2549 2410 nomen

1051 2428 1316 2490 inderet
1359 2425 1501 2508 ipse
1535 2425 1643 2507 d),
1705 2422 2039 2509 illudque,
2101 2424 2227 2487 etsi
2276 2424 2421 2488 aliis
2472 2426 2550 2486 ti·

1051 2530 1210 2592 tulis
1229 2527 1555 2590 interdum
1591 2525 1949 2589 abstineret
1971 2570 1989 2602 ‚
2030 2525 2364 2589 omitteret
2382 2549 2545 2590 nun-

1051 2651 1243 2716 quam
1276 2632 1355 2712 e).
1410 2631 1577 2690 Esse
1606 2628 1988 2711 caputistud
2005 2632 2329 2716 galeatum
2354 2632 2546 2693 Com-

1052 2731 1397 2795 modianae
1466 2728 1661 2812 hujus
1713 2732 2042 2810 Marciae,
2104 2732 2282 2816 quod
2328 2731 2541 2794 visum

1051 2832 1367 2903 eruditis,
1438 2831 1801 2895 ‘verisimile
1851 2833 2036 2909 satia,
2101 2832 2227 2897 etsi
2269 2833 2542 2894 aliarum

1052 2934 1558 3018 explicationum
1624 2948 1799 2997 esset
1844 2935 2097 3018 patiens
2116 2955 2135 3011 3
2197 2949 2419 2998 tamen
2471 2933 2542 2994 in

1048 3048 1394 3118 praesente
1423 3056 1622 3098 numo
1653 3047 1898 3098 certam
1936 3036 2239 3099 exhiberi
2265 3038 2545 3099 Amazo-

1048 3156 1238 3211 nem,
1315 3136 1533 3221 arguit
1575 3136 1753 3218 pelta
1805 3135 1946 3218 ejus
2007 3135 2218 3200 adfixa
2259 3135 2539 3220 pectori,

1049 3257 1240 3321 quam
1300 3236 1505 3298 fuisse
1552 3236 1895 3320 proprium
1946 3237 2352 3301 Amazonum
2408 3239 2543 3318 cly-

1047 3357 1245 3421 peum
1294 3350 1568 3400 constat.
1659 3337 1882 3421 Capita
1930 3339 2273 3423 utriusque
2321 3337 2541 3422 jugata

1048 3437 1314 3520 praeter
1362 3456 1439 3498 ea
1461 3480 1479 3510 ,
1536 3459 1702 3523 quae
1735 3459 2048 3521 praesens
2074 3460 2310 3501 numus
2347 3439 2538 3515 sistit,

1048 3536 1279 3602 videre
1333 3537 1547 3601 adhuc
1601 3551 1702 3603 est
1742 3539 1810 3601 in
1856 3538 2071 3602 numis
2104 3539 2372 3603 maximi
2405 3559 2543 3603 mo*

1050 3639 1189 3702 duli
1218 3640 1398 3723 regis
1433 3641 1793 3703 Galliarum
1830 3640 1962 3704 tab.
1994 3640 2173 3704 xm.
2195 3685 2212 3719 ,
2256 3641 2327 3703 in
2368 3643 2543 3704 Buc-

1016 3741 1326 3812 ¹nau-rotii
1381 3740 1729 3810 observat.
1790 3742 1941 3804 hist.
2005 3764 2153 3826 pag.
2219 3764 2398 3825 ¹¹7w
2471 3745 2543 3806 in

1049 3841 1385 3907 Vaillentii
1445 3844 1675 3906 Numis
1743 3859 1982 3928 praest.
2067 3850 2146 3909 Τ.
2192 3847 2308 3909 111.
2381 3845 2540 3909 edit.

1046 3947 1241 4007 Rom.
1296 3964 1359 4027 p.
1398 3944 1555 4022 146,
1637 3945 1704 4007 in
1752 3951 1982 4010 Museo
2043 3947 2343 4024 Florent.
2408 3946 2539 4010 tab.

1048 4046 1313 4113 XLVII.
1335 4090 1353 4124 ,
1398 4045 1467 4108 in
1500 4050 1734 4110 Museo
1750 4047 1987 4111 Albani
2030 4048 2160 4112 tab.
2177 4041 2539 4119 xxxvm.

1608 4190 1649 4230 ὓ
1773 4149 1815 4188 .
1938 4193 1979 4233 ὓ

1486 4274 1507 4311 2
1545 4294 1563 4313 .
1657 4294 1673 4312 .

1047 4253 1960 4424 Pnowgiiztzil'XEAVG.
1979 4359 2212 4421 Mulier
2223 4358 2544 4437 elephanti

1157 4582 1220 4650 a)
1256 4579 1561 4660 Lamprid.
1601 4601 1731 4658 cap.
1773 4595 1860 4643 11.

1046 4665 1204 4742 prid.
1238 4666 1275 4723 1.
1312 4688 1362 4726 c.
1513 4675 1571 4741 e)
1612 4670 1724 4729 Dio
1760 4670 1802 4732 l.
1842 4692 1890 4731 c.

1985 4583 2055 4658 b)
2095 4565 2207 4642 nio
2246 4584 2310 4644 1..
2350 4559 2683 4662 Lx'X1135.
2720 4555 2809 4652 ιε.

2035 4672 2088 4746 f)
2125 4676 2329 4735 Doctr.
2366 4677 2638 4742 v01.111.
2674 4699 2737 4759 p.
2775 4690 2864 4747 73.
2902 4689 2962 4738 et
2994 4691 3118 4748 321.

2259 416 2961 494 COMMODVS.

2668 605 2926 666 exuviis
2984 611 3151 686 tecta
3197 611 3376 664 stans
3397 645 3414 678 2
3478 621 3600 683 pro
3656 605 3843 681 cujus
3885 608 4140 686 pedibus

2667 707 2805 777 lea,
2870 725 2922 768 s.
2972 708 3231 767 sistrum
3276 714 3554 784 ostentat
3563 725 3596 779 ,·
3653 704 3805 767 kuic
3852 710 4142 769 adversm

2669 808 2974 870 Hercules
3019 809 3229 867 nudus
3274 808 3438 885 pede
3469 824 3709 886 prorae
3733 808 3924 868 navis
3962 810 4144 882 inmo·

2668 909 2828 981 silo,
2872 928 2926 971 s.
2957 909 3209 968 clavam
3243 928 3431 987 super
3465 910 3625 968 navt·
3648 918 3857 983 tenet,
3900 917 4147 990 uterque

2668 1012 2998 1069 dexteram
3031 1028 3165 1069 una
3197 1029 3339 1088 cum
3378 1012 3561 1089 spica
3604 1013 3960 1094 cory’unyt‘t.
4014 1010 4143 1071 AR.

2665 1111 2806 1172 ΑΕ.
2842 1109 2892 1168 1.
2959 1109 3158 1187 (Mus.
3197 1111 3416 1191 Caes.)
4193 1103 4202 1116 ⁸

2790 1211 2975 1271 Haec
3012 1213 3429 1274 Providentia
3445 1215 3617 1293 Any.
3651 1231 3736 1275 ex
3753 1211 4150 1275 eruditorum

2639 1310 2988 1375 ·sententia
3033 1310 3309 1374 classem
3331 1311 3712 1376 ‘Africanam
3755 1327 3938 1377 notat
3969 1312 4149 1378 adve-

2663 1412 2881 1476 hendo
2915 1413 3244 1474 frumento
3277 1409 3682 1490 destinatam,
3727 1415 3810 1478 de
3846 1438 3971 1501 qua
4004 1436 4151 1477 mox

2663 1515 2855 1579 infra.
2925 1511 3280 1596 Elephanti
3317 1512 3626 1591 exuviae,
3686 1514 3991 1592 sistrum,
4047 1516 4148 1578 leo

2665 1616 2976 1679 attributa
3028 1627 3178 1677 sunt
3216 1614 3483 1696 propria
3507 1618 3846 1700 Aegypto,
3895 1632 3959 1680 et
3991 1617 4153 1680 Afri-

2663 1737 2779 1780 cae
2838 1717 3146 1801 propriae
3173 1759 3190 1790 ‚
3248 1736 3413 1798 quae
3445 1715 3636 1780 fuere
3671 1718 3855 1781 urbis
3901 1719 4152 1781 horrea.

2659 1821 2808 1902 Ipse
2868 1839 3026 1881 vero
3074 1815 3505 1894 Commodus,
3566 1832 3636 1881 ut
3693 1833 3837 1882 erat
3879 1820 4147 1884 testibus

2658 1918 2810 1980 anni
2830 1922 3161 2003 sequentis
3182 1924 3395 1986 numia
3422 1924 3725 1986 Hercules
3741 1925 3984 1985 Romae
4001 1943 4145 1984 con-

2658 2023 2866 2097 ditor,
2939 2023 3008 2083 in
3066 2022 3195 2086 hoc
3257 2045 3458 2087 numo
3502 2021 3773 2108 fingitur
3837 2021 4144 2085 Herculis

2661 2119 2842 2183 cultu
2880 2122 3095 2186 missis
3142 2125 3225 2187 ad
3269 2125 3620 2209 petendam
3669 2143 3996 2186 annonam
4045 2144 4151 2184 na·

2656 2205 2918 2299 vibuss
2949 2244 3222 2307 quarum
3256 2248 3449 2289 unam
3512 2225 3681 2312 pede
3732 2224 3985 2300 calcat,
4034 2244 4157 2287 no·

2662 2342 2783 2384 vae
2817 2324 3116 2389 coloniae
3166 2347 3319 2390 suae
3356 2326 3738 2410 providens.
3820 2329 3969 2388 Huc
4010 2345 4151 2410 per·

2664 2424 2873 2487 tinent
2919 2446 3031 2503 ea,
3082 2447 3248 2513 quae
3279 2428 3437 2491 olim
3490 2449 3680 2491 causa
3735 2427 4162 2511 largitionum

2662 2524 3262 2604 frumentariamm,
3307 2550 3465 2614 quas
3496 2530 3933 2613 imperatores
3963 2547 4152 2613 saepe

2656 2629 2868 2690 varias
2929 2628 2996 2689 in
3047 2628 3248 2693 urbes
3287 2624 3662 2707 contulere,
3742 2630 3829 2694 ad
3885 2650 4164 2696 numum.

2661 2733 3054 2792 Tarsensem
3147 2727 3535 2816 inscriptum
3621 2729 3995 2807 cel‘TOQ
4092 2744 4162 2793 et

2659 2829 2859 2891 alium
2940 2829 3307 2896 Laodiceae
3370 2833 3600 2915 Syriae
3673 2832 3874 2896 latius
3948 2834 4161 2918 dispu-

2659 2931 2791 2996 tavi
2839 2930 2917 3014 ι).

3392 3135 3432 3174 ἡ

3227 3178 3266 3217 αι

2944 3240 3031 3298 Vt
3069 3239 3167 3299 lit.
3200 3243 3286 3301 A.
3662 3315 3670 3320 ἱ
3915 3267 3930 3300 =‚

2658 3337 3087 3401 SERAPIDI.
3133 3337 3570 3426 CONSERV.
3613 3336 3817 3406 AVG.
3891 3343 4160 3422 Serapis

2654 3450 2837 3502 stans
2882 3445 2944 3502 d.
2979 3451 3275 3518 extenta·,
3327 3462 3380 3505 o.
3413 3445 3689 3527 hastam.
3757 3446 3910 3508 AR.
3958 3443 4156 3524 (Mus.

2657 3541 2875 3619 Caes.)
3597 3603 3606 3610 .

2780 3642 3014 3707 Fuisse
3068 3645 3501 3709 Commodum
3550 3648 4013 3732 superstitioni
4041 3649 4164 3713 Ae·

2658 3745 3027 3830 gyptiorum
3072 3746 3310 3810 obnixe
3346 3748 3672 3812 addictum
3711 3795 3728 3826 ‚
3772 3763 4022 3813 testem
4054 3751 4165 3812 ha-

3555 3180 3593 3216 *
3608 3157 3612 3162 .

2651 3847 2887 3911 bemus
2917 3848 3430 3932 ⁸Lampridium,
3502 3850 3616 3935 qui
3662 3852 3957 3916 coluisse
4012 3871 4162 3914 eum

2654 3967 2836 4013 sacra
2868 3948 3059 4012 Isidis
3081 3995 3098 4026 ‚
3147 3951 3465 4014 etrasisse
3497 3965 3691 4036 caput
3712 3997 3729 4026 ‚
3763 3967 3832 4015 et
3857 3968 4157 4037 gestasse
4209 3959 4214 3964 ’

2653 4050 2916 4113 Anubin
2979 4052 3206 4115 refert.
3298 4053 3484 4134 Ergo
3537 4055 3604 4115 in
3647 4057 3910 4138 partem
3957 4055 4165 4118 hono·

2651 4155 2745 4216 ris
2788 4152 2969 4216 venit
3030 4168 3096 4217 et
3161 4153 3424 4239 Serapis
3484 4156 3660 4218 inter
3694 4156 4042 4242 principes
4090 4156 4158 4217 in

2656 4257 2957 4340 Aegypto
2983 4254 3144 4319 deos
3176 4256 3392 4321 cultus
3412 4302 3429 4334 ‚
3476 4263 3546 4321 et'
3576 4258 3683 4323 hic
3714 4279 3990 4344 quoque
4009 4278 4155 4323 coo-

2655 4361 3001 4420 serv‘ators‘s
3028 4363 3315 4440 Auyusts‘
3343 4379 3586 4426 nomen
3616 4360 4056 4447 promeritus.

2951 4592 3012 4665 c)
3051 4590 3373 4671 Capitolin-
3409 4592 3476 4650 in
3502 4591 3740 4654 Albino}
3871 4590 3947 4666 d)
3981 4591 4160 4649 Lam·
