4475 5584
1037 492 1077 553 8
2009 458 2731 537 ANTONINVS
2831 458 3132 535 PIVS.

1039 648 1358 736 quidquid
1385 645 1714 723 muneris,
1773 659 1842 709 et
1867 643 2173 710 beneficii
2221 647 2375 711 loco
2412 645 2530 708 ali-

1037 753 1147 817 cui
1201 749 1415 815 datur.
1496 748 1631 812 Sed
1673 750 1836 812 haec
1871 747 2070 812 variis
2100 761 2398 810 veterum
2434 761 2546 815 te·-

1036 851 1379 916 stimoniis‘
1413 850 1621 934 magis
1685 849 1996 935 deinceps
2050 848 2527 915 confirmabun-

997 989 1001 993 -
1038 968 1171 1018 tur.
1404 940 1412 948 ’
1741 1022 1751 1029 ,
2034 1008 2038 1013 .

1167 1055 1467 1118 Coronae
1491 1052 1615 1114 hae
1635 1054 2044 1130 triumphales
2063 1065 2332 1116 vocatae
2356 1065 2528 1130 sunt,

1037 1154 1191 1242 quia
1239 1175 1350 1217 eas
1408 1154 1703 1218 civitates
1749 1165 2016 1215 exterae
2069 1150 2347 1214 ducibus
2396 1155 2530 1244 ljo-

1036 1256 1247 1321 manis
1283 1256 1367 1318 ad
1408 1253 1810 1336 triumphos,
1856 1273 2021 1336 quos
2058 1252 2125 1313 in
2154 1253 2324 1315 urbe
2353 1265 2530 1315 actu·

1036 1358 1099 1422 ri
1129 1370 1381 1430 essent,
1418 1355 1721 1417 obtulere
1743 1398 1761 1429 ,
1790 1352 1855 1414 in
1889 1353 2124 1437 quibus
2168 1373 2278 1415 eas
2309 1353 2527 1437 palam

1039 1458 1121 1523 ad
1178 1456 1716 1531 ostentationem,
1783 1468 1851 1517 et
1905 1440 2280 1518 incredibili
2329 1473 2525 1537 saepe

1033 1579 1315 1627 numero
1357 1556 1679 1641 praelatas
1739 1554 1983 1632 fuisse,
2045 1552 2283 1638 passim
2331 1554 2527 1618 (locet

1035 1660 1289 1726 Livius.
1348 1661 1589 1722 Festus
1621 1657 1712 1738 ·)=
1778 1659 2214 1736 Triumphales
2255 1676 2529 1718 coronae

1038 1774 1191 1826 seme
1207 1807 1224 1837 ,
1261 1781 1428 1845 qaae
1447 1761 1818 1840 imperatori
1846 1760 2079 1818 vio-‘tort'
2093 1776 2529 1836 aar-saeptae-

1029 1865 1331 1944 feruntar
1346 1904 1364 1937 ,
1427 1879 1594 1943 qaae
1631 1860 2014 1937 temporibus
2070 1860 2359 1940 antiquis
2381 1878 2531 1936 pro-

1033 1974 1178 2041 pter
1217 1970 1661 2042 paupertatem
1711 1961 1972 2021 laureae
2002 1961 2304 2038 fuerant,
2337 1970 2432 2037 ‚et
2460 1957 2529 2017 in

982 2061 1317 2127 ‚eandem
1377 2060 1769 2125 sententiam
1828 2056 2083 2121 Gellius
2124 2053 2218 2139 h).
2276 2060 2528 2126 Verum

1040 2162 1218 2229 haud
1268 2161 1467 2225 dubie
1511 2159 1965 2240 distinguenda
2021 2158 2213 2222 fuere
2258 2172 2327 2222 et
2368 2171 2530 2221 tem-

1038 2285 1238 2347 pora,
1286 2277 1351 2326 et
1387 2262 1640 2348 populi.
1715 2264 2047 2325 Romanos
2094 2260 2351 2344 integra
2386 2279 2528 2343 rep.

1040 2364 1643 2449 triumphatoribus.
1699 2363 1832 2426 suis
1889 2362 1957 2424 in
2020 2361 2281 2425 virtutis
2343 2379 2532 2445 prae-

1039 2465 1246 2528 mium
1300 2464 1616 2527 obtulisse
1647 2465 1905 2529 laureas
1936 2484 2018 2526 ex
2052 2477 2282 2527 vetere
2309 2453 2526 2536 more,

1042 2563 1245 2629 facile
1302 2565 1739 2647 crediderim3
1805 2579 1870 2628 at
1928 2576 2157 2648 postea
2216 2586 2411 2648 quam
2462 2562 2532 2624 hi

1038 2666 1217 2731 bella
1300 2667 1720 2730 ultramarina
1806 2686 2043 2751 gerere
2127 2674 2527 2748 coeperunt,

1042 2766 1330 2829 dubitari
1399 2769 1689 2852 nequit,·
1739 2767 2033 2831 civitates
2091 2766 2376 2829 Graecas
2436 2763 2531 2828 vi-

1044 2868 1337 2934 ctoribus
1374 2869 1514 2952 ejus
1552 2867 1813 2953 generis
1852 2866 2189 2930 dedicasse
2231 2886 2530 2942 coronas,

1016 2970 1231 3053 -cujus
1273 2970 1462 3033 fuere
1508 2970 1696 3047 illae,
1756 2991 1917 3054 quas
1975 2982 2300 3052 perpetuo
2344 2987 2531 3031 more

1041 3071 1422 3136 Alexandro
1449 3074 1579 3146 M„
1619 3070 1890 3155 ejusque
1909 3064 2401 3133 successoribus
2422 3069 2534 3131 de·

1046 3172 1269 3236 dicare
1357 3186 1879 3248 consueverunt,
1949 3176 2178 3234 aureas
2256 3170 2532 3233 scilicet.

1047 3275 1184 3338 Sed
1223 3274 1388 3335 haec
1433 3272 1830 3357 populorum
1860 3285 2282 3334 externorum
2323 3268 2535 3335 studia

1045 3374 1386 3461 paullatim
1426 3371 1664 3435 ducum
1707 3378 1786 3436 R.
1840 3362 2261 3458 cupiditatem
2307 3392 2536 3435 accen·

1049 3475 1326 3550 derunt,
1383 3474 1479 3538 sic
1528 3488 1600 3536 ut
1633 3475 1826 3537 etiam
1857 3489 2005 3537 ante
2043 3475 2383 3537 decretum
2421 3473 2535 3535 tri-

1046 3576 1364 3660 umphum
1420 3594 1697 3638 coronas
1763 3596 1994 3638 aureas
2050 3598 2089 3637 a
2163 3574 2533 3638 civitatibus

1049 3690 1472 3760 expeterent3
1556 3698 1748 3761 quam
1836 3677 2099 3763 quidem
2194 3677 2532 3741 avaritiem

1044 3778 1199 3864 lege
1244 3779 1374 3842 lata
1432 3777 1863 3842 coercendam
1897 3779 2152 3842 censuit
2195 3781 2247 3842 1.
2295 3780 2535 3842 Caesar

1047 3892 1219 3944 teste
1253 3879 1398 3963 ipso
1414 3881 1733 3943 Cicerone
1754 3878 1857 3940 his
1876 3879 2095 3943 verbis
2126 3879 2203 3941 L.
2221 3880 2533 3943 Pisonem

1042 3980 1535 4067 perstringente
1557 3987 1612 4058 ⁰)
1629 4003 1646 4043 ε
1664 3985 1849 4044 Mitto
1865 4004 2093 4045 aarum
2102 3986 2532 4057 coronarium,

1049 4088 1227 4166 qaod
1234 4094 1297 4147 to
1311 4086 1675 4146 diutissimo
1687 4087 1878 4146 torsit
1893 4127 1911 4159 ,
1942 4105 2083 4146 cum
2101 4082 2288 4147 modo
2319 4087 2532 4159 velles,

1043 4191 1230 4251 modo
1249 4189 1489 4262 nolle-95
1528 4188 1637 4248 Iex
1660 4188 1842 4248 enim*
1855 4189 2080 4266 ymeri
2096 4188 2194 4247 tui
2230 4196 2296 4247 et
2324 4190 2535 4247 decer-

1049 4290 1123 4351 m‘
1135 4332 1151 4361 ,
1186 4298 1253 4350 et
1282 4298 1343 4350 te
1375 4290 1664 4366 accipere
1680 4290 1941 4349 vetabat
1954 4331 1972 4362 ,
2006 4289 2138 4348 nisi
2148 4291 2397 4350 decreto
2424 4289 2536 4349 tri-

1048 4392 1294 4467 umpho.
1367 4388 1455 4449 At
1494 4408 1725 4471 parum
1768 4387 1972 4452 valuit
2012 4387 2153 4450 sive
2202 4388 2347 4466 lex,
2393 4390 2534 4453 sive

1159 4629 1222 4697 a)
1260 4626 1323 4683 in
1367 4628 1788 4701 Triumphales
1818 4648 2101 4689 coronae.

1048 4718 1109 4789 e)
1146 4714 1282 4777 Cod
1318 4717 1380 4776 L.
1421 4717 1493 4774 X.
1534 4717 1622 4779 tit.
1663 4725 1750 4786 74.

1262 4980 1295 5007 Ι

2250 4632 2320 4705 b)
2358 4631 2422 4692 L.
2452 4626 2526 4693 V.
2557 4653 2608 4691 c.
2637 4634 2692 4697 6.

1897 4720 1954 4794 O
1992 4718 2141 4781 Cod.
2181 4720 2244 4781 L.
2284 4722 2415 4783 xn.
2453 4721 2540 4783 tit.
2583 4733 2668 4789 13.

2640 643 2810 708 ratio
2841 642 2925 705 ad
2953 664 3219 729 pravam
3265 641 3410 727 ejus
3438 642 3583 707 aevi
3632 642 4124 730 magistratuum

2643 745 3085 831 cupiditatem.
3129 749 3365 811 Narrat
3396 746 3569 809 enim
3606 746 3737 808 Dio
3773 744 3855 808 ad
3887 765 4128 808 annum
4151 732 4174 755 ⁶

2638 848 2721 914 V.
2755 850 2826 912 C.
2861 862 2989 930 720
3032 842 3131 928 d),
3189 850 3388 911 etiam
3426 847 3741 934 eos,‘qui
3778 845 3890 911 vel
3941 845 4130 908 mini·

2639 970 2811 1011 mam
2871 948 3151 1034 aliquam
3211 948 3694 1032 praefecturam
3757 946 4127 1024 obtinuere,
4163 990 4172 1001 .

2641 1047 3046 1132 triumphum
3075 1048 3201 1111 sibi
3222 1049 3329 1111 vel
3359 1048 3440 1111 ab
3460 1049 3743 1112 Antonio
3758 1091 3776 1124 ,
3807 1048 3915 1112 vel
3935 1046 4133 1111 Octa-

2641 1148 2836 1211 viano
2897 1148 3295 1234 quaesivisse
3318 1192 3335 1227 ,
3406 1165 3601 1236 atque
3662 1149 3804 1232 ejus
3859 1148 4130 1211 nomine

2642 1260 2941 1333 magnam
2977 1249 3120 1313 auri
3155 1251 3484 1315 coronarii
3517 1251 3651 1315 vim
3673 1253 3949 1333 (χρυσιοι
3978 1250 4132 1309 πολυ

2625 1346 2704 1424 ae’c
2728 1372 2838 1423 ‘rac
2873 1351 3198 1431 στεφαυνς)
3240 1374 3277 1414 a
3310 1353 3678 1418 civitatibus
3721 1352 4044 1435 exegisse.

2766 1450 3018 1516 Eversa
3048 1453 3411 1536 republica,
3442 1472 3591 1515 cum
3609 1452 3740 1535 jam
3770 1450 3946 1513 bella
3979 1451 4131 1513 unis
4197 1484 4214 1497 -

2639 1552 3107 1638 imperatorum
3128 1554 3430 1639 auspiciis
3451 1565 3880 1638 gererentur,
3914 1549 3995 1613 ad
4012 1550 4133 1612 im-

2640 1667 2988 1739 peratores
3041 1656 3238 1718 etiam
3291 1668 3540 1719 tantum
3583 1674 3866 1719 coronae
3894 1671 4133 1716 aureae

2639 1756 3045 1841 pertinuere,
3082 1777 3242 1840 quas
3278 1755 3412 1819 illis
3436 1755 3814 1841 provinciae
3839 1767 3990 1841 post
4011 1772 4128 1817 re·

2644 1856 2837 1919 latam
2879 1855 3313 1920 illustriorem
3336 1856 3675 1921 victoriam
3695 1903 3712 1935 ‚
3746 1870 3826 1922 ex
3859 1882 3983 1945 qua
4012 1859 4133 1923 im·

2641 1958 2970 2044 peratoris
3024 1958 3282 2020 titulum
3330 1957 3891 2043 multiplicavere,
3955 1960 4129 2026 dono

2643 2060 2983 2123 miserunt.
3025 2057 3374 2122 Paullatim
3412 2060 3578 2137 aliae
3609 2080 3869 2145 quoque
3897 2046 4133 2128 causae

2645 2180 3026 2238 accessere,
3083 2173 3156 2222 ut
3198 2159 3409 2223 aditus
3452 2160 3534 2225 ad
3577 2161 3960 2246 imperium,
4021 2165 4133 2230 vel

2642 2260 3090 2349 pontificatum
3171 2261 3563 2335 maximum,
3627 2263 3993 2347 adoptatio,
4054 2287 4131 2331 ac

2629 2365 2878 2428 'similia
2914 2361 3196 2446 principi
3231 2364 3424 2426 laeta.
3485 2363 3639 2427 Fuit
3684 2385 3843 2428 vero
3888 2367 4133 2431 donum

2644 2467 2820 2529 istud
2852 2464 2973 2527 sub
3000 2464 3506 2547 imperatoribus
3527 2463 3668 2547 ejus
3699 2479 4003 2546 naturae,
4060 2480 4138 2533 u't

2643 2566 2955 2652 imperari
3018 2564 3215 2627 etiam
3291 2578 3552 2653 posset,
3618 2579 3687 2629 et
3732 2589 3768 2630 a
3814 2588 3975 2633 vero
4019 2569 4136 2632 tri·

2642 2670 2804 2732 huto
2845 2666 3107 2732 nonnisi
3143 2666 3405 2729 mitiore
3446 2667 3766 2732 vocabulo
3808 2668 4134 2749 differret,

2647 2784 3176 2856 cogerenturque
3216 2768 3594 2853 provinciae
3639 2768 3709 2830 in
3765 2750 4131 2856 principem

2647 2890 2794 2934 esse
2839 2870 3191 2948 liberales,
3237 2889 3313 2934 ac
3356 2866 3734 2947 beneficae,
3781 2885 3848 2943 et
3889 2871 4136 2956 pende·

2648 2972 2761 3035 bat
2827 2993 2911 3035 ex
2968 2971 3160 3035 unius
3218 2969 3535 3056 principis
3587 2971 3929 3036 voluntate
3991 2970 4136 3057 ejus

2649 3073 2806 3136 doni
2837 3075 2946 3139 vel
2984 3073 3461 3158 multiplicare,
3506 3070 3615 3134 vel
3659 3073 3957 3136 minuere
3989 3093 4140 3140 cau-

2651 3196 2789 3252 sas,
2833 3188 2971 3238 tum
3005 3188 3074 3239 et
3106 3187 3452 3260 quantum,
3497 3187 3564 3235 et
3598 3173 3833 3259 quihus
3873 3175 4138 3256 provin-

2649 3278 2768 3342 ciis
2803 3277 3151 3340 remissum
3181 3275 3414 3340 vellet.
3481 3274 3644 3356 Ejus
3669 3274 4139 3340 moderationis

2631 3376 2990 3444 manifesta
3013 3375 3329 3462 quaedam
3347 3375 3663 3438 habemus
3707 3378 4009 3461 exempla
4043 3378 4140 3441 le-

2651 3481 2839 3565 gibus
2858 3477 3281 3564 praescripta.
3325 3479 3556 3561 Exstat
3575 3478 3954 3542 constitutio
3971 3478 4138 3541 Gra·

2647 3582 2807 3645 tiani
2861 3582 2954 3662 ⁸)=
3010 3585 3124 3643 Ad
3171 3582 3579 3642 collationem
3621 3582 3791 3642 aurs·-
3812 3584 4141 3645 coronaris·

2633 3688 2894 3766 placuit
2914 3676 3226 3745 nominem
3255 3684 3494 3763 absque
3511 3685 3967 3745 consuetudine
4000 3702 4140 3746 esse

2643 3788 3012 3865 ooyendam.
3059 3782 3235 3845 Alibi
3261 3782 3545 3844 Iulianus
3562 3778 3650 3860 ῦς
3685 3786 3934 3855 Aurum
3964 3804 4142 3848 coro-

2637 3888 2899 3947 narium
2915 3905 3146 3947 manas
3161 3895 3261 3947 est
3271 3885 3623 3946 voluntatis
3644 3925 3660 3958 ‚
3694 3887 3868 3966 quod
3891 3906 4020 3948 non
4039 3905 4141 3948 so·

2645 3989 2778 4049 lum
2789 3989 3190 4049 senatoribus
3204 4029 3222 4064 ,
3263 3989 3378 4049 sed
3388 3968 3655 4047 no‘aliis
3670 3989 3925 4067 quidem
3954 3991 4143 4053 debet

2649 4090 2856 4149 indict·
2870 4131 2888 4162 ,
2923 4091 3399 4172 licetqaaedam
3429 4088 3848 4147 indictionum
3863 4092 4138 4151 necessu·-

2649 4200 2754 4259 {as
2757 4193 3158 4268 postulavera·
3158 4199 3201 4262 t,
3216 4191 3334 4250 sed
3341 4197 3556 4251 nostro
3572 4188 3840 4252 arbitrio
3857 4208 4143 4252 reserva·

2649 4294 2711 4353 ri
2744 4294 3071 4372 oportebit.
3122 4290 3257 4352 Sed
3287 4302 3354 4359 et
3385 4302 3683 4350 veterum
3719 4303 4142 4353 monumenta

2647 4391 3114 4455 nonnullorum
3145 4388 3516 4474 principum
3533 4389 3604 4451 in
3634 4408 3714 4455 eo
3735 4390 4140 4475 acceptando

2841 4638 2902 4710 c)
2940 4632 3004 4692 in
3032 4632 3226 4694 Pisou.
3250 4653 3299 4692 c.
3318 4642 3409 4698 37.

3473 4600 4141 4708 'mhnmtn
