4475 5584
971 477 979 493 ’
1049 521 1248 633 ,uos

1037 722 1044 728 ·
1071 687 1299 753 *certis
1326 680 1699 767 legionibus
1730 679 1798 740 in
1831 678 2110 741 aliorum
2142 678 2588 760 Augustorum

1089 786 1310 850 numis
1349 785 1544 847 etiam
1580 795 1762 844 extra
1801 778 2045 841 'urbem
2082 777 2351 861 signatis
2388 776 2589 839 tribui

1093 889 1430 976 videmus?
1477 905 1623 979 cum
1654 884 1771 957 iis,
1819 901 1982 966 quos
2020 866 2401 964 praesentes
2438 879 2588 941 Gal·

1093 986 1255 1072 lie-ni
1285 986 1586 1077 legiones
1621 983 2023 1068 praeferunt,
2071 980 2417 1044 commode
2437 999 2591 1041 con·

1091 1087 1369 1204 spirare.
1462 1088 1571 1149 Sic
1620 1088 1685 1147 in
1739 1085 1952 1146 numis
1981 1082 2330 1149 viminacii
2380 1080 2589 1163 legio·

964 1180 974 1187 ’
1088 1190 1159 1251 ni
1192 1190 1340 1256 VII.
1359 1188 1669 1249 tribuitur
1698 1201 1958 1257 taurus,
2003 1183 2254 1264 legioni
2288 1184 2425 1243 1111.
2451 1183 2582 1257 leo,

1091 1288 1368 1375 perinde
1396 1305 1590 1375 atque
1639 1289 1704 1349 in
1737 1287 1840 1347 his
1872 1285 2158 1365 Gallieni
2195 1283 2428 1346 numis.
2509 1285 2583 1343 ln

1088 1390 1306 1453 numis
1365 1392 1604 1453 Daciae
1657 1388 1906 1472 legioni
1954 1387 2037 1453 V.
2089 1387 2300 1449 adstat
2346 1384 2582 1469 aquila,

1079 1489 1343 1576 legioni
1390 1491 1600 1552 Xlll.
1591 1491 1762 1566 leo;
1825 1490 1890 1550 in
1933 1483 2386 1572 praesentibus
2437 1485 2589 1547 Gal-

1033 1598 1040 1603 ’
1087 1592 1253 1657 lieni
1299 1594 1632 1679 legionem
1681 1595 1763 1661 V.
1816 1592 2031 1676 aquila
2085 1610 2234 1653 cum
2289 1587 2586 1656 Victoria

1085 1695 1512 1765 comitantur.
1556 1697 1628 1756 In
1671 1713 1871 1757 numo
1890 1682 2212 1761 Victorini
2237 1691 2416 1776 legio
2439 1691 2580 1769 1111.

1086 1788 1288 1859 babet
1357 1795 1523 1858 duos
1582 1795 1847 1871 leones,
1921 1793 2281 1873 eadem-in
2337 1792 2585 1855 Gallie·

1084 1880 1286 1960 niano
1326 1898 1590 1961 leonem
1640 1919 1877 1972 uuum,
1921 1896 2101 1979 legio
2144 1896 2226 1956 X.
2273 1895 2581 1978 utrinque

1085 2012 1369 2069 taurum.
1459 2000 1534 2058 In
1589 1998 1804 2060 numis
1862 1985 2388 2079 Carausii'legio
2436 1996 2579 2067 nu.

1074 2100 1250 2164 'item
1291 2100 1598 2175 leonem,
1651 2099 1793 2167 Vn.
1853 2111 2129 2161 taurum.
2219 2101 2470 2160 Tamen
2508 2096 2582 2158 in

1056 2190 1235 2264 *aliis
1281 2202 1420 2286 typi
1456 2200 1794 2264 dissident.
1900 2198 2113 2284 Legio
2146 2197 2292 2258 XX.
2316 2198 2582 2265 Valeria

1085 2292 1349 2370 Victrix
1399 2324 1628 2387 aprum
1678 2296 2051 2365 offert'n'on
2110 2299 2310 2365 modo
2354 2298 2420 2360 in
2463 2322 2583 2361 nu-

1086 2429 1199 2508 mo
1233 2404 1596 2493 Canusii,
1657 2403 1774 2466 sed
1836 2414 1904 2466 et
1955 2400 2024 2462 in
2084 2401 2309 2464 tabula
2351 2421 2576 2477 aenea,

1080 2527 1281 2595 quam
1326 2507 1503 2569 inter
1551 2518 1916 2590 postremas
1966 2502 2172 2566 edidit
2206 2506 2579 2566 Buonarro·

1079 2611 1213 2674 tius
1260 2613 1352 2689 ⁸‚)
1414 2623 1479 2671 at
1536 2609 1608 2670 in
1657 2628 1855 2701 numo
1907 2588 2192 2667 Gallieni
2250 2605 2580 2687 capricor-

1082 2732 1275 2789 num,
1336 2713 1393 2775 si
1438 2711 1634 2773 modo
1682 2731 1817 2772 non
1880 2707 2125 2773 fefellit
2161 2707 2576 2782 Vaillantius‚

1081 2812 1194 2901 qui
1240 2836 1407 2878 unus
1442 2814 1619 2875 hunc
1647 2833 1917 2874 numum
1959 2808 2275 2892 vulgavit.
2361 2807 2573 2891 Legio

973 2976 982 2983 .
1083 2906 1293 2982 XXX.
1340 2916 1407 2976 in
1451 2933 1650 2976 numo
1696 2910 1988 2974 Carausii
2050 2909 2176 2972 sibi
2215 2909 2431 2991 junxit
2473 2910 2574 2970 Io·

1080 3038 1268 3094 vem,
1315 3017 1380 3079 in
1424 3035 1624 3077 numo
1670 3012 1957 3078 Gallieni
1999 3015 2458 3096 Neptunum3·
2480 3011 2576 3073 le-

1083 3120 1194 3207 gio
1238 3119 1352 3183 XI.
1392 3118 1662 3181 Claudia
1728 3116 1798 3176 in
1856 3135 2114 3198 gemma
2169 3113 2363 3176 altius
2423 3132 2575 3196 pro-

1084 3220 1277 3285 ducta
1336 3220 1552 3303 lupam
1621 3239 1781 3280 cum
1853 3215 2162 3301 geminis,
2238 3215 2308 3276 in
2370 3235 2573 3277 numo

1077 3321 1368 3386 Gallieni
1404 3323 1806 3404 Neptunum.
1854 3316 2053 3399 Cujus
2082 3314 2335 3377 dissidii
2379 3315 2573 3378 aliam

1080 3443 1344 3488 eausam
1374 3443 1506 3484 non
1541 3432 1700 3504 puto
1722 3464 1739 3494 ‚
1785 3417 1911 3480 nisi
1944 3416 2121 3503 quod
2153 3415 2402 3501 placuit
2438 3436 2576 3477 mo-

1080 3523 1387 3599 netariis,
1430 3522 1560 3604 jam
1599 3519 1793 3603 hujus
1817 3562 1834 3596 ‚
1874 3518 2005 3601 jam
2035 3517 2308 3580 alterius
2340 3516 2577 3580 cohor·

1079 3626 1167 3717 tis
1225 3623 1577 3709 imaginem
1636 3610 1887 3707 legioni
1944 3617 2236 3695 sociare,
2298 3618 2573 3703 perinde

1081 3711 1156 3788 ac
1200 3725 1426 3809 paullo
1494 3725 1687 3787 altius
1745 3721 2071 3799 variantes
2139 3719 2208 3782 in
2267 3718 2573 3785 Gallieno

996 3912 1000 3916 ,
1079 3826 1401 3913 imagines
1434 3823 2030 3910 explicavimus..

2286 452 3016 581 *summm

2701 674 2780 737 P.
2820 674 2903 742 V.
2940 670 3024 735 F.
3070 667 3284 751 Hujus
3310 668 3638 735 formulae
3673 667 3851 733 ratio
3880 632 4199 751 nondum,

2642 773 2882 867 ‘'quod
2945 772 3184 847 sciam,
3260 772 3583 859 expedita.
3688 772 3901 867 Quam
3979 774 4196 839 adfert

2704 875 3093 943 Vaillantius
3139 872 3238 953 b),
3310 873 3485 935 haud
3532 871 3730 936 dubie
3785 873 3974 937 fallit.
4060 876 4192 950 Ait,

2700 997 2896 1041 cusos
2940 997 3110 1039 anno
3167 974 3434 1060 imperii
3474 977 3624 1049 VL,
3687 960 3838 1051 cum
3893 978 4194 1062 legiones

2704 1078 3002 1163 quolibet
3050 1097 3219 1139 anno
3269 1074 3426 1139 fidei
3475 1091 3953 1141 sacramentum
4000 1084 4192 1144 reuo-

2705 1194 2963 1254 varent‚
3009 1179 3167 1241 alias
3216 1198 3377 1240 vero
3408 1177 3631 1261 ‘dictas
3680 1182 4009 1249 esse-Vll.
4053 1181 4193 1266 pias

2700 1295 2769 1341 et
2815 1277 3085 1353 fideles,
3142 1279 3320 1365 quod
3372 1282 3558 1342 numi
3619 1283 3742 1346 hac
3798 1295 3952 1345 nota
4005 1304 4191 1366 prae-

2702 1382 2819 1447 diti
2856 1403 3024 1444 anno
3064 1382 3205 1448 Vn.
3237 1382 3489 1473 signati⁸
3512 1397 3777 1448 essent.·
3842 1385 3957 1449 Sin
3993 1385 4189 1464 istud,

2701 1483 2940 1544 mirum
2996 1484 3336 1560 videatur,
3398 1483 3513 1545 has
3561 1486 3861 1567 legiones
3910 1506 4042 1550 non
4080 1508 4191 1551 oc·

2696 1588 2975 1648 currere
3013 1585 3208 1649 etiam
3245 1585 3311 1649 in
3347 1601 3607 1648 moneta
3627 1587 3993 1663 Valeriani,
4038 1607 4189 1652 cum

2699 1707 2829 1770 quo
2861 1685 3203 1750 Gallienus
3262 1708 3395 1749 non
3438 1686 3638 1751 modo
3680 1710 3921 1755 annum
3964 1684 4077 1758 VIL
4116 1704 4188 1754 et

2695 1791 2846 1857 Vll.
2877 1789 3134 1873 exegit,
3180 1787 3299 1852 sed
3334 1791 3780 1853 verisimiliter
3824 1791 4021 1854 etiam
4056 1813 4186 1855 ma·

2692 1890 2905 1974 jorem
2940 1892 3609 1974 partemanniVIIL,
3652 1884 4008 1978 praecipue
4039 1888 4187 1957 euin

2695 2006 2976 2076 uterque
3009 1992 3405 2075 imperator,
3451 1994 3761 2078 quamdiu
3804 2016 3935 2057 una
3974 1992 4183 2074 suere,

2690 2094 3006 2181 spectatis
3066 2094 3237 2178 typis
3300 2113 3717 2158 communem
3773 2083 3920 2161 fere
3963 2117 4182 2161 mone·

2693 2208 2828 2257 tam
2882 2194 3252 2290 habuerint.
3340 2197 3718 2283 Sententiae
3762 2197 3966 2275 aliae,
4024 2220 4178 2284 quas

2693 2298 3131 2381 propinavere
3152 2298 3528 2360 Harduinus
3560 2300 3649 2378 0),
3696 2313 3764 2362 et
3780 2298 4068 2362 Liebeus
4096 2300 4179 2379 d),

2693 2410 2825 2460 tam
2885 2399 3190 2461 videntur
3250 2399 3586 2474 infirmae,
3663 2413 3736 2461 ut
3808 2421 3892 2463 ne
3953 2402 4177 2487 dignas

2691 2499 2958 2586 quidem
3003 2515 3263 2584 putem,
3325 2519 3494 2584 quae
3552 2517 4022 2565 memorentur.
4087 2492 4179 2566 'si

2691 2601 2839 2685 quis
2883 2601 3064 2665 volet
3108 2601 3476 2684 conjicere,
3530 2622 3765 2687 numos
3809 2603 4056 2667 similes
4097 2601 4179 2667 siss

2693 2717 2924 2787 gnatos
2968 2716 3213 2766 tantum
3262 2703 3464 2765 fuisse
3507 2723 3588 2765 eo
3646 2716 3993 2787 tempore,
4048 2724 4175 2791 quo

2691 2806 2927 2891 signati
2963 2820 3111 2867 sunt
3142 2806 3360 2881 numi,
3405 2806 3706 2890 inscripti
3733 2808 4170 2873 VICTORLA.

2688 2906 2893 2973 AVG.
2925 2907 3036 2972 VI.
3082 2920 3153 2968 et
3178 2906 3362 2983 V11.‚·
3396 2907 3650 2991 opinari
3681 2908 3929 2992 poterit
3962 2910 4175 2984 etiam,

2689 3027 2774 3069 ex
2826 3006 2955 3070 hoc
3023 2999 3449 3071 victoriarum
3527 3028 3807 3073 numero
3830 3000 4177 3093 '·legiones

2691 3106 2897 3172 dictas
2946 3121 3194 3172 sextum
3239 3115 3346 3172 vel
3388 3114 3719 3190 septimum
3750 3114 3908 3190 pias
3944 3110 4172 3189 fideles,

2690 3229 2972 3294 eumque
3051 3202 3394 3274 honorem'
3448 3208 3838 3295 captandae·
3882 3206 4173 3276 militaris

2688 3312 2939 3395 gratiae
3001 3332 3194 3375 eausa
3253 3314 3336 3376 ad
3411 3314 3711 3396 legiones
3784 3334 4013 3378 omnes
4072 3334 4172 3378 cx·

2688 3426 2983 3488 tentum,
3049 3416 3245 3481 etiam
3304 3436 3470 3499 quae
3529 3413 3712 3476 bello
3785 3436 3919 3477 non
3984 3415 4174 3478 inter-

2687 3511 2902 3577 fuere.
2950 3514 3151 3610 Quod
3178 3517 3234 3592 si
3268 3516 3498 3578 similis
3532 3516 3904 3598 argumenti
3947 3532 4172 3580 numos

2676 3615 3046 3703 ,placuisset
3104 3617 3438 3694 vel-ante,
3500 3620 3603 3680 vel
3650 3630 3800 3700 post
3844 3618 3974 3680 hoc
4018 3632 4172 3680 tem-

2686 3739 2810 3803 pus
2840 3719 3139 3802 signare,
3184 3714 3578 3782 haberemus
3616 3718 3790 3780 forte
3828 3719 4035 3781 etiam
4064 3740 4172 3781 uu-

2687 3844 2869 3897 mos
2926 3822 3039 3907 qui
3097 3821 3398 3905 legiones
3457 3820 3769 3883 111.1111.
3812 3821 3988 3886 Vm.
4048 3835 4166 3884 etc.

1204 3929 1518 3992 Additum
1573 3929 1641 3989 in
1692 3925 1796 3988 his
1853 3923 2140 3987 Gallieni
2189 3923 2406 3987 numia
2457 3923 2572 3992 VI.
2678 3928 2833 4007 pias
2857 3927 3080 4007 fideles
3108 3922 3585 4007 praedicarent.
3664 3918 3944 3982 Tantum
3988 3920 4056 3982 in
4095 3939 4173 3983 re

1078 4034 1156 4094 P
1183 4034 1296 4097 Vl.
1335 4016 1418 4095 F.
1463 4030 1600 4116 legi
1654 4030 1827 4091 solet
1878 4027 1958 4091 ab
2003 4023 2387 4109 antiquariis
2430 4045 2574 4087 sea:-

1065 4143 1216 4200 tum
1227 4131 1372 4215 pia,
1406 4144 1656 4197 temtum
1668 4134 1901 4214 fidelis,
1931 4143 2005 4192 et
2028 4131 2380 4207 septimum,
2420 4145 2569 4189 cum

1077 4236 1392 4302 scribitur
1426 4235 1571 4304 vn.
1643 4234 1723 4295 In
1752 4230 1958 4321 unico
1962 4228 2266 4314 legionis
2304 4230 2383 4290 11.
2416 4230 2575 4290 Par-

1077 4339 1329 4415 thicae,
1383 4330 1451 4432 'si
1507 4333 1674 4399 fides
1732 4332 2124 4409 Vaillantio‚
2184 4328 2433 4416 legitur
2484 4330 2570 4398 V.

1139 4662 1205 4722 a]
1243 4660 1483 4718 Osserv.
1525 4657 1684 4718 istor.

1075 4766 1238 4809 num.
1277 4766 1338 4827 p.
1377 4755 1504 4812 344.

1821 4656 1899 4732 b)
1932 4655 2106 4717 ntum.
2145 4636 2366 4737 piam.
2398 4656 2468 4713 T.
2508 4655 2579 4714 11.
2620 4616 2682 4733 p.
2720 4665 2846 4722 357.

2686 4021 2975 4101 incerta,
3047 4046 3214 4091 nam
3260 4024 3418 4087 alias
3480 4041 3743 4107 quoque
3797 4020 4003 4084 additi
4058 4043 4167 4084 nu·

2685 4126 2854 4189 meri
2894 4122 3158 4190 molesti
3207 4139 3394 4202 sunt,
3432 4139 3505 4188 ut
3544 4123 3609 4185 in
3645 4144 3846 4185 numo
3881 4121 4167 4188 Valeria·

2683 4226 2815 4291 ui:¹
2879 4225 3415 4291 CONCORDIA.
3458 4246 3473 4255 ·
3511 4228 3653 4289 1111.
3726 4226 4165 4298 EXERCIT„

2656 4329 2795 4400 „vel
2854 4328 3176 4393 Gallieni=
3243 4327 3781 4394 CONCORDIA.
3856 4324 4163 4391 Eme.

3014 4661 3078 4734 c)
3114 4658 3280 4737 opp.
3318 4644 3455 4717 sells
3484 4677 3546 4735 p.
3586 4669 3713 4736 849.
3885 4657 3956 4732 d)
3994 4657 4162 4718 Goth.
