4475 5584
1490 423 2297 538 DRYA‘NT1LLA,

1614 768 2127 829 PRETIVM.

927 957 1247 1046 Argemei
1289 970 1536 1024 tantum
1580 959 1861 1046 cogniti,
1904 941 2086 1050 iique

2191 1003 2641 1030 000000

1212 1267 1744 1332 SVLPICIA
1828 1270 1957 1331 BR
1988 1265 2568 1374 YANTILLA.

455 1465 670 1552 Hujus
735 1470 1070 1553 Augustae
1138 1467 1322 1531 numi
1389 1449 1823 1536 vindobonae

329 1570 617 1657 primum
682 1588 969 1654 coepere
1036 1570 1479 1633 innotescere.
1564 1570 1821 1632 Horum

327 1693 499 1736 unus
533 1686 836 1756 repertus
862 1672 930 1733 in
962 1670 1219 1735 Austria
1255 1670 1334 1734 ab
1368 1685 1625 1734 aratore
1656 1691 1820 1753 opus

328 1774 612 1839 faciente
654 1773 936 1856 Iosepho
982 1772 1208 1835 comiti
1246 1773 1512 1835 Ariosto
1564 1770 1820 1834 oblatus

330 1877 459 1942 fuit
512 1895 683 1939 anno
741 1869 1009 1937 circiter
1078 1874 1256 1953 1760.
1343 1875 1565 1937 Motus
1623 1872 1683 1935 is
1723 1871 1825 1936 rei

327 1978 617 2041 novitate
665 1976 880 2040 varios
924 1995 1045 2059 per
1082 1977 1416 2061 Europam
1457 1975 1635 2038 viros
1677 1994 1825 2036 eru-

332 2079 503 2142 ditos
559 2078 921 2154 consuluit,
970 2077 1490 2160 cujus,thalamo
1532 2077 1820 2160 ignotam

332 2180 649 2243 hactenus
687 2183 1042 2262 Aug‘ustam
1085 2180 1455 2243 sociandam
1495 2190 1823 2262 putarent.

331 2280 730 2344 Tacentibus
778 2279 1091 2365 reliquis,
1129 2280 1334 2365 quod
1378 2277 1542 2341 nihil
1593 2297 1824 2340 occur·

330 2396 508 2446 ret-at
559 2381 642 2444 ad
711 2402 971 2444 eausam
1037 2395 1512 2463 opportunum,
1588 2397 1822 2441 vocem

330 2482 600 2546 exstulit
632 2481 982 2544 Eduardus
1014 2481 1362 2555 Corsinus,
1403 2493 1600 2561 atque
1645 2477 1819 2541 edita

327 2584 607 2648 Liburni
647 2603 816 2646 anno
862 2581 1011 2660 276·
1063 2582 1321 2666 prolixa
1364 2579 1821 2643 dissertatione

332 2686 667 2750 illustrare
700 2696 1157 2767 argumentum
1188 2701 1538 2767 aggressus
1569 2694 1702 2755 est,
1747 2698 1824 2742 re

335 2788 473 2872 ipsa
510 2784 690 2850 aliud
725 2786 890 2846 nihil
940 2784 1157 2846 attulit
1192 2796 1457 2867 praeter
1493 2782 1828 2865 conjectu·

333 2909 440 2951 ras
499 2889 692 2972 plane
752 2885 1082 2960 infirmas,
1143 2883 1381 2968 quibus
1424 2883 1633 2945 nihilo
1676 2882 1826 2966 plus

334 2988 656 3074 profecit,
723 3007 916 3072 quam
975 2985 1089 3068 qui
1149 2998 1439 3050 tacuere.
1516 2982 1830 3046 Ariostia·

335 3112 492 3153 num
535 3088 710 3152 istud
753 3088 1089 3150 cimelium
1133 3083 1349 3146 lucem
1386 3083 1637 3156 aufudit
1669 3083 1828 3146 alte-

333 3192 398 3255 ri
440 3189 671 3267 simili,
733 3190 880 3275 qui,
939 3185 1059 3248 sed
1101 3188 1314 3248 minus
1357 3186 1654 3270 integer,
1696 3183 1831 3267 pri·

339 3291 490 3357 «lem
537 3291 609 3355 in
656 3309 884 3352 museo
932 3291 1270 3350 Caesareo-
1298 3286 1716 3361 servabatur,
1760 3296 1830 3345 et

334 3394 601 3459 nomine
659 3390 1170 3455 KYANTILLA
1225 3373 1263 3452 a
1317 3386 1699 3450 Froelichio
1759 3383 1828 3444 in
1892 3404 1902 3421 ·

339 3494 621 3561 Cimelio
660 3495 844 3558 Caes.
875 3490 1156 3560 Vindob.
1193 3513 1340 3576 pag.
1377 3488 1660 3554 CLXIV.
1693 3484 1830 3549 edi-

340 3612 447 3662 tus
482 3609 602 3661 est.
652 3594 755 3659 Ab
793 3595 920 3657 hoc
959 3608 1258 3677 tempore
1295 3592 1545 3676 reperti
1578 3589 1827 3675 plures,

340 3719 417 3766 ac
479 3711 892 3780 compertum
956 3696 1156 3771 mihi,
1234 3713 1468 3757 eorum
1505 3693 1830 3778 'exempla

337 3800 597 3885 singula
649 3809 1071 3888 exstarehaut
1121 3796 1451 3858 exstitisse
1487 3794 1558 3856 in
1589 3795 1830 3857 muscis

338 3901 436 3965 ill.
478 3920 646 3966 com.
691 3898 948 3973 Vitzai,
1001 3899 1165 3960 Rev.
1206 3897 1433 3960 Klituo
1492 3896 1650 3958 olim
1696 3895 1832 3979 epi·

339 4002 525 4087 scopi
566 4001 875 4097 Quinque
909 3998 1329 4062 ecclesiensis
1368 3999 1434 4060 in
1470 3996 1829 4081 Hungaria,

337 4116 412 4169 et
471 4104 564 4168 cl.
612 4102 980 4167 Neumauni
1043 4100 1271 4164 nostri.
1374 4100 1562 4161 Alius
1618 4117 1831 4181 nuper

337 4218 680 4291 repertus,
723 4216 790 4266 et
827 4203 933 4265 hic
967 4219 1232 4286 quoque
1265 4200 1333 4261 in
1371 4199 1674 4274 Austria,
1720 4197 1832 4272 uhi

340 4305 722 4390 Hungariae
766 4303 1173 4369 ‘contermina
1214 4315 1346 4378 est,
1392 4301 1460 4362 in
1498 4300 1683 4382 cujus
1722 4321 1833 4364 an-

203 4421 210 4430 ‘
340 4407 473 4473 tica
499 4407 779 4492 legum-2
823 4406 931 4470 sa
967 4397 1152 4472 Ave
1181 4403 1627 4467 tammus
1665 4434 1695 4451 -
1734 4436 1764 4452 -
1803 4435 1833 4451 -

341 4505 428 4574 ἴε
453 4509 834 4579 *PVVNON
843 4510 892 4573 1.
912 4508 1208 4572 ΒΕΒῙΝ.
1228 4548 1246 4584 ,
1290 4505 1403 4592 qui
1432 4524 1604 4569 nunc
1636 4517 1736 4569 est
1761 4503 1832 4566 in

1937 1490 2170 1533 museo
2193 1471 2292 1534 ill.
2314 1467 2668 1533 Alexandri
2703 1474 2848 1533 Bar.
2875 1470 2956 1533 de
2988 1472 3422 1538 Seckenilorf.

1936 1573 2239 1657 Denique
2298 1567 2496 1634 alium
2569 1573 2756 1635 citari
2823 1572 3014 1636 video
3080 1597 3115 1637 a
3179 1575 3432 1637 Froeli·

1937 1674 2127 1748 chio,
2190 1673 2309 1736 sed
2350 1661 2479 1754 ipsi
2529 1675 2654 1736 sibi
2707 1688 2843 1737 tum
2894 1675 3190 1758 ignotum
3224 1675 3315 1756 ⁸¹),
3364 1675 3443 1735 ἰιιΙ

1937 1775 2123 1855 cujus
2173 1788 2360 1858 parte
2396 1776 2668 1838 adversa
2703 1775 2983 1857 legiturt
3026 1775 3434 1839 PtE'rASA·

1940 1876 2139 1938 CILL
2182 1909 2210 1925 ·
2248 1909 2279 1930 .-
2320 1877 2387 1937 in
2448 1897 2711 1939 aversa:
2803 1871 3431 1944 IVLIANIREDIN.

1935 1978 2093 2039 Fuit
2135 1979 2191 2039 is
2235 1977 2666 2044 Vindobonae
2717 1978 2782 2038 in
2842 1998 3069 2040 museo
3113 1976 3436 2042 Gerellia·

1936 2099 2047 2142 no.
2132 2079 2433 2141 Eundem
2480 2079 2654 2142 hunc
2699 2100 2963 2139 numum
3014 2081 3226 2142 serius
3270 2078 3435 2142 mihi

1937 2179 2265 2264 inspicere
2299 2182 2520 2254 licuit,a
2541 2181 2658 2242 secl
2691 2180 2973 2262 in‘cujus
3005 2182 3215 2245 antica
3248 2182 3435 2245 lucu·

1937 2281 2180 2343 lentam
2210 2282 2344 2344 vidi
2372 2282 2775 2366 epigraphen
2800 2282 3332 2345 PIETASNTIL
3356 2316 3385 2331 -
3406 2316 3435 2332 ·

1937 2381 2245 2444 nimirum
2300 2404 2371 2444 το
2426 2383 2741 2445 PIETAS
2783 2396 2988 2445 restat
3032 2403 3114 2445 ex
3159 2385 3432 2450 matrice

1937 2496 2197 2556 vetere,
2277 2505 2349 2545 το
2424 2483 2633 2546 N‘l'lL
2680 2516 2707 2529 -
2749 2482 2831 2544 ad
2906 2488 3436 2565 DryaNTlhlam

1937 2584 2246 2667 pertinet.
2306 2584 2477 2645 Satis
2521 2598 2835 2667 apparet„
2866 2600 3217 2670 utrumque
3259 2586 3434 2650 hune

1939 2705 2206 2746 numum
2256 2703 2402 2746 esse
2447 2704 2774 2757 recusum,
2818 2697 2883 2745 et
2928 2698 3118 2746 antea
3160 2686 3433 2750 alterius

1940 2783 2310 2867 Augustae,
2369 2798 2435 2848 et
2481 2781 3110 2848 Seckendorfianum
3166 2784 3431 2869 quidem

1941 2883 2145 2946 fuisse
2184 2886 2481 2949 MaeSAe
2517 2887 2718 2952 AVG.
2762 2878 2910 2947 cum
2953 2906 3180 2948 aversa
3221 2888 3436 2954 PVds‘-

1941 2990 2170 3060 ciliae,
2243 2986 2522 3048 alterum
2583 2985 3031 3051 Garellianum
3093 2986 3437 3067 cujuscun-

1943 3107 2072 3172 que
2108 3088 2383 3155 tleAe
2416 3107 2565 3151 cum
2602 3107 2834 3150 aversa
2862 3087 3213 3163 PlE'rAs,
3259 3088 3438 3172 quod

1942 3203 2223 3273 arguunt
2260 3188 2562 3251 residuae
2593 3188 2824 3249 literae
2863 3187 3102 3271 prioris
3146 3189 3435 3253 matricis

1944 3289 2186 3351 mixtae
2264 3310 2411 3352 cum
2491 3289 2705 3351 literis
2767 3290 3056 3352 matrici’s
3119 3290 3435 3355 noviciae.
3506 3343 3534 3366 Ὗ

1943 3391 2163 3456 Alium
2199 3389 2392 3472 hujus
2416 3390 2748 3471 Augustae
2778 3392 2844 3452 in
2883 3405 3261 3455 exterorum
3300 3411 3437 3453 mu-
3550 3382 3555 3386 ’

1944 3511 2209 3554 aeorum
2305 3481 2620 3574 catalogis
2703 3491 2992 3578 nondum
3080 3491 3435 3556 memorari

1943 3593 2103 3660 vidi.

2069 3696 2234 3756 Eam
2287 3712 2392 3756 me
2437 3691 2659 3777 judice
2702 3715 2836 3756 non
2878 3715 3075 3777 posse
3125 3698 3445 3780 opportu·‘

1944 3795 2094 3857 nius
2144 3793 2668 3878 sotfiari„quam
2716 3797 3116 3880 Regaliano,
3162 3815 3439 3879 sequen·

1943 3896 2034 3959 tia
2064 3895 2373 3959 videntur
2413 3883 2835 3978 persuaderess
2922 3896 2979 3974 1,
3021 3896 3183 3978 Ejus
3218 3895 3445 3960 hacte-

1946 4007 2069 4060 nus
2105 3979 2293 4058 nuri'ii
2323 3996 2390 4055 in
2421 3996 2559 4057 sola
2588 3996 2926 4079 Hungaria
2946 4039 2965 4073 ,
3010 4009 3078 4058 et
3110 3994 3437 4078 contiguis

1945 4097 2303 4182 provinciis
2346 4096 2598 4179 reperti
2641 4109 2827 4174 sunt,
2890 4117 3021 4180 quo
3065 4097 3279 4180 palam
3324 4093 3440 4159 do·

1947 4219 2175 4264 cemur
2228 4197 2433 4261 fuisse
2492 4215 2770 4259 uxorem
2830 4197 3022 4261 unius
3081 4216 3164 4260 ex
3222 4205 3440 4278 tyran-

1943 4300 2081 4377 nis,
2146 4300 2261 4385 qui
2320 4299 2670 4383 imperium
2729 4296 2856 4360 sibi
2912 4297 2981 4359 in
3036 4297 3165 4361 hoe
3220 4311 3439 4361 tractu

1944 4422 2070 4487 per
2112 4400 2245 4466 vim
2299 4414 2676 4478 extorsere,
2719 4400 2926 4486 qualis
2963 4412 3106 4462 erat
3138 4397 3440 4483 Regalia-

1944 4526 2087 4569 nus.
2131 4505 2216 4569 11.
2246 4502 2543 4581 Fabrica,
2586 4525 2662 4568 ac
2687 4503 3026 4566 literarum
3054 4499 3269 4564 forma
3305 4509 3438 4562 tam

351 4647 3433 4681 Μ
3452 4659 3456 4664 -

411 4724 483 4797 a)
517 4722 623 4789 lv.
660 4725 924 4785 Teutam.
962 4739 1028 4798 p.
1065 4728 1197 4810 438,
