4475 5584
1411 405 1432 484 3
1495 465 2280 545 AVRELIANVS.

335 674 504 720 anno
550 653 629 721 V.
676 655 746 719 C.
821 661 1007 731 noea,
1064 650 1278 718 factus
1337 665 1438 717 est
1491 652 1823 737 Augustus
1869 703 1882 714 .

322 777 503 840 ‚anno
563 758 1004 841 praecedente
1071 755 1271 829 ⁸023,
1341 774 1624 839 cumque
1682 774 1826 817 suc·

331 879 562 926 cessor
619 857 761 941 ejus
816 858 1083 923 Tacitus
1143 856 1550 941 processerit
1591 855 1823 919 consul

331 946 504 1027 anno
546 956 628 1023 V.
675 959 751 1025 C.
803 977 997 1042 tom),
1058 956 1270 1022 factus
1329 957 1387 1020 is
1448 971 1552 1022 est
1605 960 1828 1041 Augu-

279 1105 282 1110 ·
333 1079 472 1129 stus
516 1081 686 1126 anno
729 1062 1029 1145 proxime
1073 1059 1418 1143 superiore
1471 1060 1660 1137 1028,
1728 1058 1827 1123 ni-

307 1163 574 1229 'mirum
618 1182 703 1225 ex
747 1161 1044 1225 instituto
1086 1153 1355 1237 vetere,
1402 1181 1533 1246 quo
1578 1161 1668 1235 is,
1713 1159 1827 1244 qui

331 1263 684 1350 imperium
747 1262 1036 1347 suscepit
1058 1307 1077 1340 ,
1122 1273 1126 1279 ’
1144 1263 1460 1346 proximis
1481 1261 1826 1342 ‘Kalendis

333 1365 857 1444 ianuam-consul
890 1383 1155 1450 semper
1173 1364 1516 1448 processit.
1557 1366 1661 1427 Ex
1695 1382 1826 1447 quo

334 1465 659 1542 efficitur,
718 1467 1078 1551 imperasse
1139 1486 1292 1532 eum
1353 1457 1538 1528 annis
1583 1464 1828 1532 ‚solidis

293 1579 652 1657 ⁸quatuor,
739 1568 976 1652 quibus
1061 1564 1359 1631 addenda
1453 1590 1606 1653 pars
1676 1566 1830 1631 anni

345 1667 541 1748 1023,
586 1685 717 1754 quo
762 1668 976 1740 dictus
1018 1682 1119 1732 est
1135 1671 1531 1755 Augustus,
1576 1682 1645 1734 et
1678 1690 1829 1753 pars

333 1772 489 1838 mni
557 1771 755 1848 1028,
820 1793 952 1857 quo
1012 1771 1338 1848 decessit,
1397 1792 1480 1835 ex
1545 1791 1679 1857 quo
1740 1783 1832 1846 ta-

334 1893 491 1939 men
551 1894 748 1948 anno,
781 1874 1157 1958 posteriore
1223 1872 1557 1939 eximendi
1616 1871 1830 1935 adbuc

332 1989 491 2042 eunt
532 1996 651 2040 sex
689 1994 948 2039 menses
978 1976 1343 2058 interregni
1372 1975 1513 2058 ejus
1549 1986 1829 2036 mortem

339 2078 712 2155 consecuti,
762 2076 846 2140 de
891 2098 1022 2161 quo
1058 2077 1206 2144 vide
1237 2076 1536 2140 Tacitum
1575 2094 1833 2138 succes·

333 2200 598 2257 sorem,
674 2195 743 2244 et
799 2201 951 2264 pars
1011 2177 1305 2262 reliqua,
1368 2198 1534 2262 quae
1598 2176 1830 2239 Tacito

229 2315 240 2326 ·
307 2286 506 2365 ‘Aug.
555 2282 854 2356 debetur.
912 2278 1285 2348 Videndum
1332 2279 1502 2361 jam,
1548 2277 1709 2363 quid
1749 2274 1831 2340 ad

338 2379 469 2448 lioc
505 2402 781 2446 examen
811 2381 1156 2445 conferant
1188 2381 1391 2445 numi.

465 2487 642 2560 Eos,
688 2484 800 2568 qui
835 2496 984 2546 sunt
1008 2482 1352 2560 commatis
1381 2481 1692 2555 Romani,
1737 2481 1834 2543 ni-

299 2635 308 2650 .
340 2586 439 2650 hil
493 2586 802 2658 conterre
865 2584 1046 2668 opis,
1112 2584 1269 2667 quin
1331 2582 1831 2664 chronologiam

341 2687 612 2754 turbare
647 2687 912 2769 potius,
954 2684 1085 2767 jam
1120 2705 1314 2768 supra
1366 2685 1448 2746 ad
1496 2703 1732 2745 numos
1760 2685 1835 2744 P.

340 2792 434 2851 U.
465 2788 604 2852 TR.
642 2789 717 2862 P.
751 2798 875 2850 etc.
922 2785 1304 2849 memoravi.
1392 2782 1624 2846 Simile
1667 2782 1839 2863 judi-

342 2890 524 2954 cium
598 2888 683 2952 de
758 2885 1243 2974 marmoribus,
1309 2904 1476 2970 quae
1552 2883 1872 2962 offerunt¹

222 3000 234 3013 “
345 2988 673 3054 Gruterus
697 3002 766 3052 et
790 2985 1337 3086 muratorium-in
1385 2985 1623 3070 quibus
1654 3005 1843 3071 prae-

345 3108 475 3164 ter⁴
511 3093 737 3177 lapsus,
795 3109 1064 3167 eornm,
1140 3086 1252 3172 qui
1322 3107 1401 3151 ea
1459 3089 1841 3172 vulgavere,

345 3193 603 3258 metuas
659 3194 857 3256 etiam
904 3188 1099 3252 fidem
1125 3233 1143 3266 ,
1217 3183 1395 3273 quod
1444 3188 1840 3252 Panviniana

346 3295 665 3381 pleraque
689 3308 861 3372 sunt,
906 3305 1017 3355 aut
1034 3290 1516 3375 Hispaniensis.
1536 3283 1838 3359 'Vnicum

350 3397 714 3462 subsidium
775 3416 814 3458 a
869 3393 1086 3478 numia
1143 3387 1628 3455 Alexandrinis.
1712 3395 1846 3455 Ex-

269 3487 278 3492 ’
350 3511 525 3564 stant
564 3498 632 3561 id
676 3517 885 3583 genus
926 3493 1266 3558 Aureliani
1321 3493 1504 3558 numi
1559 3516 1596 3557 a
1638 3496 1716 3556 1..
1759 3497 1839 3560 A.

351 3621 559 3687 usque
603 3602 686 3663 L.
730 3623 794 3675 ς’,
856 3617 976 3661 seu
1034 3597 1116 3660 ab
1176 3615 1347 3660 anno
1401 3597 1454 3661 1.
1510 3596 1843 3679 usque.ad

349 3705 461 3772 Vl.
508 3703 778 3767 Certum
805 3711 941 3776 est,
984 3719 1220 3762 numos
1253 3698 1605 3782 inscriptos
1636 3699 1716 3759 1..
1756 3699 1844 3761 A.

299 3862 308 3868 .
353 3802 561 3868 fnisse
588 3803 876 3887 signatos
906 3814 1057 3863 ante
1083 3799 1332 3864 exitum
1362 3801 1646 3882 Augusti
1674 3802 1751 3869 V.
1770 3802 1844 3864 C.
1947 3865 1954 3874 ,

361 3906 547 3970 1023.
630 3907 793 3967 Nam
829 3916 1012 3980 esto,
1059 3921 1176 3966 eos
1215 3915 1369 3984 post
1410 3901 1539 3965 hoc
1584 3916 1844 3985 tempus

351 4026 502 4073 esse
535 4022 921 4092 percussos,
965 4022 1051 4065 ex
1082 4002 1352 4087 cognito
1371 4003 1846 4067 Alexandrino·

308 4175 316 4184 ,
353 4131 503 4175 rum
548 4106 807 4172 calculo
850 4122 1056 4167 annus
1100 4127 1164 4178 ς-,
1210 4122 1330 4166 sen
1361 4105 1473 4170 VI.
1519 4104 1846 4189 inciperet

3281 484 3425 560 1⁵85

1937 654 2323 716 tet-cessisse
2366 652 2665 716 referunt
2693 653 3019 736 Vopiscus
3053 666 3114 716 et
3154 667 3426 741 uterque
3452 691 3469 705 ·

1936 753 2220 821 Victor?
2263 758 2448 838 Ergo
2485 755 2541 817 si
2577 775 2799 817 verum
2847 769 2948 817 est
2973 749 3207 816 horum
3251 757 3435 820 testi·

1937 853 2272 932 monium,
2313 875 2590 920 necesse
2649 870 2751 918 est
2805 859 3034 931 etiam,
3091 879 3328 919 annum
3373 860 3430 922 Δ

1935 956 2279 1041 pertinere
2326 956 2408 1022 ad
2456 970 2712 1040 tempus
2761 956 2936 1019 diem
2972 958 3208 1020 XXIX.
3253 978 3436 1022 men·

1934 1057 2029 1120 sis
2062 1058 2343 1141 Augusti
2386 1058 2538 1123 anni
2572 1061 2655 1127 V.
2684 1061 2757 1123 C.
2815 1059 2972 1124 ⁸023
3007 1058 3459 1144 praecedens,

1940 1158 2241 1242 coepisse
2288 1144 2433 1222 tum*
2460 1182 2699 1223 annum
2742 1160 2837 1234 B,
2900 1180 2976 1223 ac
3021 1162 3284 1224 demum
3330 1184 3443 1225 an·

1939 1279 2098 1324 num
2135 1285 2179 1335 ς-
2217 1261 2475 1322 initium
2514 1258 2763 1324 ducere
2794 1261 2877 1326 ab
2925 1247 3160 1325 eodem
3194 1263 3304 1325 die
3332 1285 3441 1326 an·

1940 1361 2012 1423 ni
2047 1378 2241 1442 1027,
2286 1382 2420 1446 quo
2461 1362 2764 1440 labente,
2810 1363 2953 1446 sed‚'
2975 1385 3146 1429 anno
3180 1359 3434 1430 Iuliano

1950 1464 2114 1526 1028
2146 1483 2377 1528 caesus
2416 1477 2522 1526 est
2550 1464 2965 1528 Aurelianus.
3055 1467 3278 1564 Quare
3321 1487 3442 1529 nu·

1942 1565 2035 1628 mi
2079 1564 2509 1629 Alexandrini
2551 1587 2700 1630 cum
2745 1567 3214 1633 historicorum
3260 1567 3442 1630 testi-

1943 1667 2180 1730 moniis
2217 1682 2402 1732 recte
2428 1669 2826 1752 conspirant.
2908 1670 3443 1735 Etenim‘caesus

1943 1782 2046 1832 est
2086 1769 2482 1832 Aurelianus
2527 1770 2799 1834 circiter
2840 1772 3063 1835 medio
3099 1770 3337 1834 Martio
3354 1770 3439 1839 V.
3508 1763 3517 1770 “

1947 1871 2268 1952 0.,1028,
2351 1892 2484 1955 qno
2542 1885 2845 1958 tempore
2905 1871 3097 1936 ssuxit
3159 1857 3444 1934 Alexan-

1947 1971 2286 2035 drinorum
2333 1977 2538 2036 ann'us
2569 1975 2727 2051 V1.,
2790 1974 2942 2037 inde
2986 1975 3441 2057 interregnum

1945 2073 2060 2140 VI.
2107 2074 2488 2152 mensium,·
2531 2095 2663 2160 quo
2724 2089 2957 2139 exacto
3022 2075 3275 2138 electus
3318 2067 3446 2137 Ta-

1947 2174 2114 2238 citus
2158 2175 2268 2238 die
2294 2176 2498 2246 XXV.
2550 2175 2997 2263 Septembris,
3040 2189 3111 2239 ut
3162 2175 3442 2250 dicetur,

1946 2298 2023 2340 ac
2068 2286 2208 2338 tunt
2253 2276 2448 2361 hujus
2491 2281 2674 2341 numi
2717 2278 3154 2343 Alexandriae
3198 2277 3447 2362 signari

1947 2399 2233 2463 coepere
2268 2400 2418 2443 cum
2456 2402 2624 2445 anno
2659 2382 2736 2442 A.
2799 2382 2902 2441 Ex
2941 2401 3072 2464 quo
3107 2393 3334 2463 aperte
3368 2377 3446 2440 li-

1948 2494 2139 2564 quet,
2185 2482 2359 2562 quod
2399 2481 2530 2565 jam
2581 2482 2648 2543 in
2703 2480 2977 2544 Claudio
3022 2480 3307 2544 Gothico
3352 2467 3449 2538 in-

1929 2582 2098 2656 nui,
2142 2601 2378 2646 numos
2439 2579 2921 2645 Alexandrinos
2982 2582 3239 2646 Claudii
3295 2602 3444 2644 cum

1951 2702 2119 2745 anno
2150 2676 2205 2740 Δ
2238 2679 2461 2743 locum
2495 2681 2908 2756 baberenon
2944 2702 3180 2767 posse,
3225 2701 3301 2745 ac
3334 2680 3447 2744 de·
3474 2708 3484 2718 ·

1949 2784 2149 2867 nique
2209 2802 2413 2844 annos
2471 2784 2584 2849 Vl.
2664 2784 2962 2869 imperii,
3046 2803 3212 2868 quos
3279 2782 3448 2847 varii

1957 2883 2317 2968 scriptores
2375 2886 2733 2949 Aureliano
2788 2886 3131 2961 tribuunt,
3191 2884 3447 2947 admitti

1956 3007 2089 3048 non
2120 3005 2352 3071 posse,
2396 2986 2559 3059 nisi,
2605 2985 2783 3071 quod
2815 2989 3219 3070 ignoramus,
3259 2971 3449 3050 Clau·

1958 3087 2104 3149 dius
2144 3107 2295 3149 mox
2327 3087 2596 3151 ineunte
2639 3108 2809 3152 anno
2845 3089 2928 3155 V.
2966 3089 3038 3151 C.
3082 3087 3239 3151 1023
3276 3109 3452 3152 mor·

1954 3201 2107 3250 tuus
2149 3189 2506 3264 statuatur,
2565 3203 2632 3253 et
2672 3190 2887 3274 ipsum
2932 3188 3127 3253 etiam
3173 3189 3454 3252 interre-

1959 3311 2159 3375 gnum
2221 3308 2340 3352 sex
2384 3292 2739 3368 mensium,
2804 3291 2984 3377 quod
3038 3291 3247 3356 visum
3290 3311 3453 3353 non·

1957 3392 2159 3454 nullis
2194 3391 2509 3466 eruditis,
2552 3392 2766 3457 adhuc
2791 3417 2828 3458 a
2859 3393 3290 3478 scriptoribus
3327 3390 3449 3455 sub

1917 3492 2297 3558 :Aureliani
2356 3495 2638 3579 imperio
2714 3494 3263 3581 comprehensum
3327 3506 3448 3570 est,

1955 3617 2327 3681 quanquam
2355 3596 2457 3659 vel
2497 3611 2635 3659 tum
2662 3598 3046 3661 sexennium
3082 3597 3258 3660 istud
3281 3607 3452 3678 {non-

1960 3697 2087 3762 nisi
2128 3697 2603 3783 incompletum
2647 3699 3149 3785 intelligendum
3194 3699 3351 3762 erit.

2081 3803 2169 3865 At
2201 3797 2376 3861 enim
2410 3797 2811 3883 descriptum
2854 3800 2963 3865 hic
3013 3801 3311 3863 ordinem
3347 3821 3455 3861 ur·

1962 3913 2076 3986 get
2120 3895 2478 3964 difficultas
2520 3919 2654 3962 non
2699 3900 2905 3977 levis,
2965 3920 3207 3984 nempe
3254 3902 3454 3964 Seve-

1960 4001 2184 4077 rina'e,
2249 4020 2417 4085 quae
2462 4013 2643 4065 certa
2696 3999 2822 4063 fuit
2863 4002 3203 4065 Aureliani
3261 4023 3450 4078 uxor,

1958 4104 2139 4166 numi
2189 4102 2655 4180 Alexandrini,
2699 4101 2879 4188 iique
2923 4101 3102 4165 obvii
3147 4123 3298 4166 cum
3347 4125 3456 4166 an·

353 4223 642 4278 exeunte
688 4207 987 4291 Augusto
1027 4206 1110 4273 V.
1156 4205 1232 4269 C.
1286 4206 1479 4279 1028,
1542 4220 1612 4270 et
1672 4203 1853 4291 quod
1965 4208 2130 4269 noZ
2162 4225 2281 4268 seu
2311 4205 2498 4283 V11.,
2544 4224 2627 4269 ex
2660 4224 2792 4289 quo
2832 4222 3254 4290 sequeretur,
3300 4225 3458 4291 quo·

356 4312 691 4397 sequitur,
757 4310 886 4373 hoc
947 4306 1162 4372 adhuc
1216 4321 1519 4394 tempore
1580 4307 1856 4373 vixisset
1964 4307 2140 4371 niam
2185 4327 2389 4369 annus
2434 4309 2484 4369 Z
2532 4306 2685 4371 duci
2725 4327 2855 4371 non
2900 4308 3150 4392 potuit,
3205 4309 3331 4372 nisi
3374 4309 3455 4371 ab

275 4405 286 4416 ”
354 4397 778 4480 Abrelianus.
858 4413 1111 4482 Verum
1155 4407 1213 4474 si
1252 4410 1460 4488 istud,
1506 4431 1634 4497 qua
1657 4410 1857 4475 ratio-

356 4535 446 4580 ne
483 4511 895 4580 huic-adhuc
937 4521 1107 4576 anno
1163 4512 1531 4577 inseremus
1575 4513 1854 4577 interre-

360 4638 559 4704 gnum
601 4616 716 4683 VI.
769 4614 1129 4693 mensium,
1192 4613 1370 4700 qnod
1430 4616 1606 4679 inter
1645 4616 1853 4679 Aure·

357 4719 522 4822 liani
561 4732 877 4824 mortem,
933 4730 1003 4820 et
1048 4717 1262 4784 Taciti
1317 4716 1711 4784 electionem
1757 4717 1852 4779 in·

1970 4423 2255 4474 exeunte
2299 4410 2599 4518 AuQusto
2643 4408 2794 4474 anni
2834 4411 2917 4478 V.
2966 4410 3035 4473 C.
3089 4411 3285 4488 1028,
3347 4432 3460 4473 ne-

1967 4531 2099 4598 que
2150 4514 2591 4598 Augustarum
2632 4512 2815 4576 numi
2855 4511 2983 4574 nisi
3023 4514 3177 4578 vivo
3222 4513 3457 4577 marito

1965 4614 2157 4677 feriri
2216 4633 2664 4690 consuevere,
2734 4613 3162 4679 Aurelianum
3217 4616 3456 4696 ,saltem

1968 4737 2177 4804 nsque
2215 4716 2302 4781 ad
2331 4716 2579 4782 dictum
2605 4713 2885 4799 Augusti
2918 4714 3094 4781 diem
3127 4695 3330 4786 fuisse
3359 4741 3461 4783 su·
