<?xml version="1.0" encoding="UTF-8"?>
<!DOCTYPE html PUBLIC "-//W3C//DTD XHTML 1.0 Transitional//EN"
    "http://www.w3.org/TR/xhtml1/DTD/xhtml1-transitional.dtd">
<html xmlns="http://www.w3.org/1999/xhtml" xml:lang="en" lang="en">
 <head>
  <title>
</title>
<meta http-equiv="Content-Type" content="text/html;charset=utf-8" />
  <meta name='ocr-system' content='tesseract 3.04.00' />
  <meta name='ocr-capabilities' content='ocr_page ocr_carea ocr_par ocr_line ocrx_word'/>
</head>
<body>
  <div class='ocr_page' id='page_1' title='image "./doctrinanumorum09unkngoog_0377.png"; bbox 0 0 4475 5584; ppageno 0'>
   <div class='ocr_carea' id='block_1_1' title="bbox 1427 408 3431 538">
    <p class='ocr_par' dir='ltr' id='par_1_1' title="bbox 1427 408 3431 538">
     <span class='ocr_line' id='line_1_1' title="bbox 1427 408 3431 538; baseline 0.006 -54"><span class='ocrx_word' id='word_1_1' title='bbox 1427 408 2320 519; x_wconf 40' lang='lat' dir='ltr'><strong>TREBONIA-NVS.</strong></span> <span class='ocrx_word' id='word_1_2' title='bbox 2718 524 2733 538; x_wconf 72' lang='lat'><em>,</em></span> <span class='ocrx_word' id='word_1_3' title='bbox 2846 467 2865 485; x_wconf 76' lang='grc'><strong><em>,</em></strong></span> <span class='ocrx_word' id='word_1_4' title='bbox 2992 461 2997 467; x_wconf 86' lang='grc'>-</span> <span class='ocrx_word' id='word_1_5' title='bbox 3282 420 3431 498; x_wconf 66' lang='lat'><strong>56³</strong></span> 
     </span>
    </p>
   </div>
   <div class='ocr_carea' id='block_1_2' title="bbox 331 595 1836 1597">
    <p class='ocr_par' dir='ltr' id='par_1_2' title="bbox 331 595 1836 1483">
     <span class='ocr_line' id='line_1_2' title="bbox 335 595 1832 672; baseline -0.003 -8"><span class='ocrx_word' id='word_1_6' title='bbox 335 614 436 664; x_wconf 85' lang='lat' dir='ltr'><strong>est</strong></span> <span class='ocrx_word' id='word_1_7' title='bbox 456 597 814 661; x_wconf 81' lang='lat' dir='ltr'>subsidium</span> <span class='ocrx_word' id='word_1_8' title='bbox 836 640 853 671; x_wconf 90' lang='lat'>‚</span> <span class='ocrx_word' id='word_1_9' title='bbox 897 618 1045 661; x_wconf 82' lang='lat' dir='ltr'><strong>nam</strong></span> <span class='ocrx_word' id='word_1_10' title='bbox 1076 595 1273 661; x_wconf 87' lang='lat' dir='ltr'><strong>facile</strong></span> <span class='ocrx_word' id='word_1_11' title='bbox 1307 610 1439 672; x_wconf 88' lang='lat' dir='ltr'><strong>est,</strong></span> <span class='ocrx_word' id='word_1_12' title='bbox 1485 598 1652 661; x_wconf 81' lang='lat' dir='ltr'><strong>hanc</strong></span> <span class='ocrx_word' id='word_1_13' title='bbox 1687 618 1832 660; x_wconf 90' lang='lat' dir='ltr'><strong>sen-</strong></span> 
     </span>
     <span class='ocr_line' id='line_1_3' title="bbox 331 698 1836 784; baseline -0.005 -18"><span class='ocrx_word' id='word_1_14' title='bbox 331 701 602 766; x_wconf 84' lang='lat' dir='ltr'><strong>tentiam</strong></span> <span class='ocrx_word' id='word_1_15' title='bbox 665 719 742 761; x_wconf 84' lang='lat' dir='ltr'><strong>ex</strong></span> <span class='ocrx_word' id='word_1_16' title='bbox 807 699 967 784; x_wconf 86' lang='lat' dir='ltr'><strong>ipsis</strong></span> <span class='ocrx_word' id='word_1_17' title='bbox 1029 699 1223 762; x_wconf 85' lang='lat' dir='ltr'><strong>etiam</strong></span> <span class='ocrx_word' id='word_1_18' title='bbox 1270 698 1556 762; x_wconf 83' lang='lat' dir='ltr'>Gallieni</span> <span class='ocrx_word' id='word_1_19' title='bbox 1615 700 1836 761; x_wconf 81' lang='lat' dir='ltr'><strong>numis</strong></span> 
     </span>
     <span class='ocr_line' id='line_1_4' title="bbox 334 800 1830 873; baseline -0.001 -7"><span class='ocrx_word' id='word_1_20' title='bbox 334 815 663 868; x_wconf 80' lang='lat' dir='ltr'><strong>evertere.</strong></span> <span class='ocrx_word' id='word_1_21' title='bbox 731 801 918 863; x_wconf 84' lang='lat' dir='ltr'><strong>Adeo</strong></span> <span class='ocrx_word' id='word_1_22' title='bbox 954 800 1130 863; x_wconf 89' lang='lat' dir='ltr'><strong>enim</strong></span> <span class='ocrx_word' id='word_1_23' title='bbox 1177 800 1278 861; x_wconf 88' lang='lat' dir='ltr'><strong>illi</strong></span> <span class='ocrx_word' id='word_1_24' title='bbox 1323 802 1660 867; x_wconf 84' lang='lat' dir='ltr'><strong>erroribus</strong></span> <span class='ocrx_word' id='word_1_25' title='bbox 1694 824 1830 873; x_wconf 85' lang='lat' dir='ltr'><strong>mo-</strong></span> 
     </span>
     <span class='ocr_line' id='line_1_5' title="bbox 332 903 1831 987; baseline -0.003 -19"><span class='ocrx_word' id='word_1_26' title='bbox 332 903 738 968; x_wconf 83' lang='lat' dir='ltr'><strong>netariorum</strong></span> <span class='ocrx_word' id='word_1_27' title='bbox 800 915 1086 977; x_wconf 87' lang='lat' dir='ltr'><strong>scatent,</strong></span> <span class='ocrx_word' id='word_1_28' title='bbox 1157 920 1228 964; x_wconf 88' lang='lat' dir='ltr'><strong>ut</strong></span> <span class='ocrx_word' id='word_1_29' title='bbox 1285 923 1475 987; x_wconf 84' lang='lat' dir='ltr'><strong>quam</strong></span> <span class='ocrx_word' id='word_1_30' title='bbox 1522 903 1633 963; x_wconf 76' lang='lat' dir='ltr'><strong>aiii</strong></span> <span class='ocrx_word' id='word_1_31' title='bbox 1688 925 1831 964; x_wconf 85' lang='lat' dir='ltr'><strong>sen-</strong></span> 
     </span>
     <span class='ocr_line' id='line_1_6' title="bbox 337 1002 1827 1089; baseline -0.004 -19"><span class='ocrx_word' id='word_1_32' title='bbox 337 1006 605 1070; x_wconf 85' lang='lat' dir='ltr'><strong>tentiam</strong></span> <span class='ocrx_word' id='word_1_33' title='bbox 680 1003 907 1089; x_wconf 81' lang='lat' dir='ltr'><strong>juvare</strong></span> <span class='ocrx_word' id='word_1_34' title='bbox 972 1003 1310 1079; x_wconf 79' lang='lat' dir='ltr'><strong>videntur,</strong></span> <span class='ocrx_word' id='word_1_35' title='bbox 1390 1002 1501 1065; x_wconf 89' lang='lat' dir='ltr'><strong>alii</strong></span> <span class='ocrx_word' id='word_1_36' title='bbox 1565 1002 1827 1066; x_wconf 82' lang='lat' dir='ltr'><strong>rursum</strong></span> 
     </span>
     <span class='ocr_line' id='line_1_7' title="bbox 332 1102 1826 1193; baseline -0.001 -23"><span class='ocrx_word' id='word_1_37' title='bbox 332 1119 747 1193; x_wconf 76' lang='lat' dir='ltr'><strong>pervertant,</strong></span> <span class='ocrx_word' id='word_1_38' title='bbox 794 1102 972 1190; x_wconf 77' lang='lat' dir='ltr'><strong>quod</strong></span> <span class='ocrx_word' id='word_1_39' title='bbox 1020 1105 1132 1189; x_wconf 88' lang='lat' dir='ltr'><strong>qui</strong></span> <span class='ocrx_word' id='word_1_40' title='bbox 1179 1104 1455 1167; x_wconf 86' lang='lat' dir='ltr'><strong>credere</strong></span> <span class='ocrx_word' id='word_1_41' title='bbox 1512 1104 1826 1184; x_wconf 86' lang='lat' dir='ltr'><strong>noluerit,</strong></span> 
     </span>
     <span class='ocr_line' id='line_1_8' title="bbox 333 1196 1831 1293; baseline -0.001 -22"><span class='ocrx_word' id='word_1_42' title='bbox 333 1209 392 1271; x_wconf 86' lang='lat' dir='ltr'><strong>is</strong></span> <span class='ocrx_word' id='word_1_43' title='bbox 431 1228 675 1293; x_wconf 81' lang='lat' dir='ltr'><strong>quaeso</strong></span> <span class='ocrx_word' id='word_1_44' title='bbox 728 1227 810 1268; x_wconf 88' lang='lat' dir='ltr'><strong>ex</strong></span> <span class='ocrx_word' id='word_1_45' title='bbox 863 1204 1278 1269; x_wconf 81' lang='lat' dir='ltr'><strong>Mediobarbi</strong></span> <span class='ocrx_word' id='word_1_46' title='bbox 1336 1207 1634 1292; x_wconf 88' lang='lat' dir='ltr'><strong>catalogo</strong></span> <span class='ocrx_word' id='word_1_47' title='bbox 1678 1196 1831 1278; x_wconf 76' lang='lat' dir='ltr'><strong>Gal-</strong></span> 
     </span>
     <span class='ocr_line' id='line_1_9' title="bbox 335 1306 1832 1393; baseline -0.001 -21"><span class='ocrx_word' id='word_1_48' title='bbox 335 1311 500 1373; x_wconf 80' lang='lat' dir='ltr'><strong>lieni</strong></span> <span class='ocrx_word' id='word_1_49' title='bbox 532 1330 768 1373; x_wconf 87' lang='lat' dir='ltr'><strong>numos</strong></span> <span class='ocrx_word' id='word_1_50' title='bbox 796 1308 865 1370; x_wconf 89' lang='lat' dir='ltr'><strong>in</strong></span> <span class='ocrx_word' id='word_1_51' title='bbox 899 1329 1012 1371; x_wconf 86' lang='lat' dir='ltr'><strong>sua</strong></span> <span class='ocrx_word' id='word_1_52' title='bbox 1050 1328 1347 1393; x_wconf 83' lang='lat' dir='ltr'><strong>quosque</strong></span> <span class='ocrx_word' id='word_1_53' title='bbox 1387 1322 1683 1393; x_wconf 86' lang='lat' dir='ltr'><strong>tempora</strong></span> <span class='ocrx_word' id='word_1_54' title='bbox 1716 1306 1832 1370; x_wconf 88' lang='lat' dir='ltr'><strong>tri-</strong></span> 
     </span>
     <span class='ocr_line' id='line_1_10' title="bbox 339 1412 1083 1483; baseline -0.004 -7"><span class='ocrx_word' id='word_1_55' title='bbox 339 1412 514 1476; x_wconf 76' lang='lat' dir='ltr'><strong>buat.</strong></span> <span class='ocrx_word' id='word_1_56' title='bbox 1065 1457 1083 1483; x_wconf 75' lang='grc'>,</span> 
     </span>
    </p>

    <p class='ocr_par' dir='ltr' id='par_1_3' title="bbox 464 1511 1834 1597">
     <span class='ocr_line' id='line_1_11' title="bbox 464 1511 1834 1597; baseline -0.006 -18"><span class='ocrx_word' id='word_1_57' title='bbox 464 1514 713 1579; x_wconf 82' lang='lat' dir='ltr'><strong>Verum</strong></span> <span class='ocrx_word' id='word_1_58' title='bbox 751 1526 819 1576; x_wconf 86' lang='lat' dir='ltr'><strong>et</strong></span> <span class='ocrx_word' id='word_1_59' title='bbox 853 1511 1164 1576; x_wconf 73' lang='lat' dir='ltr'><strong>adversae</strong></span> <span class='ocrx_word' id='word_1_60' title='bbox 1195 1513 1434 1597; x_wconf 87' lang='lat' dir='ltr'><strong>partis,</strong></span> <span class='ocrx_word' id='word_1_61' title='bbox 1480 1530 1644 1596; x_wconf 74' lang='lat' dir='ltr'><strong>quae</strong></span> <span class='ocrx_word' id='word_1_62' title='bbox 1669 1513 1834 1572; x_wconf 86' lang='lat' dir='ltr'><strong>Tre-</strong></span> 
     </span>
    </p>
   </div>
   <div class='ocr_carea' id='block_1_3' title="bbox 342 1612 1856 1692">
    <p class='ocr_par' dir='ltr' id='par_1_4' title="bbox 342 1612 1856 1692">
     <span class='ocr_line' id='line_1_12' title="bbox 342 1612 1856 1692; baseline -0.001 -17"><span class='ocrx_word' id='word_1_63' title='bbox 342 1612 606 1676; x_wconf 89' lang='lat' dir='ltr'><strong>boniani</strong></span> <span class='ocrx_word' id='word_1_64' title='bbox 639 1634 873 1677; x_wconf 84' lang='lat' dir='ltr'><strong>necem</strong></span> <span class='ocrx_word' id='word_1_65' title='bbox 910 1613 986 1675; x_wconf 76' lang='lat' dir='ltr'><strong>at]</strong></span> <span class='ocrx_word' id='word_1_66' title='bbox 1021 1636 1256 1677; x_wconf 84' lang='lat' dir='ltr'><strong>annum</strong></span> <span class='ocrx_word' id='word_1_67' title='bbox 1274 1616 1355 1682; x_wconf 88' lang='lat' dir='ltr'><strong>V.</strong></span> <span class='ocrx_word' id='word_1_68' title='bbox 1379 1616 1451 1678; x_wconf 88' lang='lat' dir='ltr'><strong>C.</strong></span> <span class='ocrx_word' id='word_1_69' title='bbox 1485 1632 1644 1692; x_wconf 86' lang='lat'><strong>¹⁰07</strong></span> <span class='ocrx_word' id='word_1_70' title='bbox 1682 1634 1856 1677; x_wconf 54' lang='lat' dir='ltr'><strong>conr</strong></span> 
     </span>
    </p>
   </div>
   <div class='ocr_carea' id='block_1_4' title="bbox 342 1698 1851 3507">
    <p class='ocr_par' dir='ltr' id='par_1_5' title="bbox 344 1698 1507 1799">
     <span class='ocr_line' id='line_1_13' title="bbox 344 1698 1507 1799; baseline 0.003 -23"><span class='ocrx_word' id='word_1_71' title='bbox 344 1714 584 1791; x_wconf 76' lang='lat' dir='ltr'><strong>stituit,</strong></span> <span class='ocrx_word' id='word_1_72' title='bbox 630 1698 1015 1798; x_wconf 66' lang='lat' dir='ltr'><strong>argumenia</strong></span> <span class='ocrx_word' id='word_1_73' title='bbox 1047 1712 1274 1779; x_wconf 82' lang='lat' dir='ltr'><strong>audire</strong></span> <span class='ocrx_word' id='word_1_74' title='bbox 1304 1712 1507 1799; x_wconf 67' lang='lat' dir='ltr'><strong>juvat.</strong></span> 
     </span>
    </p>

    <p class='ocr_par' dir='ltr' id='par_1_6' title="bbox 342 1813 1851 3507">
     <span class='ocr_line' id='line_1_14' title="bbox 468 1813 1839 1906; baseline 0.001 -30"><span class='ocrx_word' id='word_1_75' title='bbox 468 1818 602 1877; x_wconf 86' lang='lat' dir='ltr'><strong>lam</strong></span> <span class='ocrx_word' id='word_1_76' title='bbox 641 1815 816 1877; x_wconf 85' lang='lat' dir='ltr'><strong>istud</strong></span> <span class='ocrx_word' id='word_1_77' title='bbox 859 1816 1141 1900; x_wconf 85' lang='lat' dir='ltr'><strong>primum</strong></span> <span class='ocrx_word' id='word_1_78' title='bbox 1200 1838 1282 1880; x_wconf 82' lang='lat' dir='ltr'><strong>ex</strong></span> <span class='ocrx_word' id='word_1_79' title='bbox 1335 1817 1549 1879; x_wconf 88' lang='lat' dir='ltr'><strong>numis</strong></span> <span class='ocrx_word' id='word_1_80' title='bbox 1592 1813 1839 1906; x_wconf 65' lang='lat' dir='ltr'><strong>evinci·</strong></span> 
     </span>
     <span class='ocr_line' id='line_1_15' title="bbox 342 1914 1842 2002; baseline -0.003 -21"><span class='ocrx_word' id='word_1_81' title='bbox 342 1930 484 1991; x_wconf 78' lang='lat' dir='ltr'><strong>tur,</strong></span> <span class='ocrx_word' id='word_1_82' title='bbox 531 1916 983 1980; x_wconf 84' lang='lat' dir='ltr'><strong>Treboniani</strong></span> <span class='ocrx_word' id='word_1_83' title='bbox 970 1919 1316 2002; x_wconf 75' lang='lat' dir='ltr'><strong>imperium</strong></span> <span class='ocrx_word' id='word_1_84' title='bbox 1363 1918 1518 1981; x_wconf 84' lang='lat' dir='ltr'><strong>satis</strong></span> <span class='ocrx_word' id='word_1_85' title='bbox 1570 1917 1703 1978; x_wconf 88' lang='lat' dir='ltr'><strong>late</strong></span> <span class='ocrx_word' id='word_1_86' title='bbox 1741 1914 1842 1976; x_wconf 90' lang='lat' dir='ltr'><strong>ul-</strong></span> 
     </span>
     <span class='ocr_line' id='line_1_16' title="bbox 345 2017 1836 2101; baseline -0.003 -19"><span class='ocrx_word' id='word_1_87' title='bbox 345 2032 448 2083; x_wconf 85' lang='lat' dir='ltr'><strong>tra</strong></span> <span class='ocrx_word' id='word_1_88' title='bbox 497 2021 864 2101; x_wconf 87' lang='lat' dir='ltr'><strong>Augustum</strong></span> <span class='ocrx_word' id='word_1_89' title='bbox 910 2019 1076 2080; x_wconf 83' lang='lat' dir='ltr'><strong>anni</strong></span> <span class='ocrx_word' id='word_1_90' title='bbox 1144 2018 1304 2082; x_wconf 77' lang='lat'>1006</span> <span class='ocrx_word' id='word_1_91' title='bbox 1352 2017 1836 2081; x_wconf 84' lang='lat' dir='ltr'><strong>extendendum</strong></span> 
     </span>
     <span class='ocr_line' id='line_1_17' title="bbox 347 2119 1843 2184; baseline -0.003 0"><span class='ocrx_word' id='word_1_92' title='bbox 347 2138 514 2184; x_wconf 87' lang='lat' dir='ltr'><strong>esse.</strong></span> <span class='ocrx_word' id='word_1_93' title='bbox 558 2122 837 2182; x_wconf 83' lang='lat' dir='ltr'><strong>Exstant</strong></span> <span class='ocrx_word' id='word_1_94' title='bbox 859 2138 1040 2181; x_wconf 79' lang='lat' dir='ltr'><strong>numi</strong></span> <span class='ocrx_word' id='word_1_95' title='bbox 1058 2119 1513 2183; x_wconf 72' lang='lat' dir='ltr'><strong>Alexandrini</strong></span> <span class='ocrx_word' id='word_1_96' title='bbox 1505 2135 1648 2182; x_wconf 85' lang='lat' dir='ltr'><strong>tam</strong></span> <span class='ocrx_word' id='word_1_97' title='bbox 1679 2122 1843 2180; x_wconf 80' lang='lat' dir='ltr'><strong>Tre-</strong></span> 
     </span>
     <span class='ocr_line' id='line_1_18' title="bbox 348 2206 1840 2305; baseline -0.003 -19"><span class='ocrx_word' id='word_1_98' title='bbox 348 2206 656 2298; x_wconf 55' lang='lat' dir='ltr'><strong>bomani.</strong></span> <span class='ocrx_word' id='word_1_99' title='bbox 701 2242 891 2305; x_wconf 87' lang='lat' dir='ltr'><strong>quam</strong></span> <span class='ocrx_word' id='word_1_100' title='bbox 927 2220 1272 2289; x_wconf 78' lang='lat' dir='ltr'>Volusiani</span> <span class='ocrx_word' id='word_1_101' title='bbox 1312 2221 1614 2304; x_wconf 87' lang='lat' dir='ltr'><strong>inscripti</strong></span> <span class='ocrx_word' id='word_1_102' title='bbox 1647 2220 1725 2281; x_wconf 89' lang='lat' dir='ltr'><strong>L.</strong></span> <span class='ocrx_word' id='word_1_103' title='bbox 1757 2213 1840 2281; x_wconf 87' lang='grc' dir='ltr'><strong>Γ.</strong></span> 
     </span>
     <span class='ocr_line' id='line_1_19' title="bbox 346 2323 1840 2407; baseline -0.005 -18"><span class='ocrx_word' id='word_1_104' title='bbox 346 2325 511 2389; x_wconf 83' lang='lat' dir='ltr'><strong>Cum</strong></span> <span class='ocrx_word' id='word_1_105' title='bbox 567 2343 772 2384; x_wconf 81' lang='lat' dir='ltr'><strong>annus</strong></span> <span class='ocrx_word' id='word_1_106' title='bbox 826 2323 1228 2386; x_wconf 84' lang='lat' dir='ltr'><strong>Treboniani</strong></span> <span class='ocrx_word' id='word_1_107' title='bbox 1273 2324 1330 2387; x_wconf 89' lang='lat' dir='ltr'>A</span> <span class='ocrx_word' id='word_1_108' title='bbox 1378 2323 1675 2407; x_wconf 73' lang='lat' dir='ltr'><strong>coeperit</strong></span> <span class='ocrx_word' id='word_1_109' title='bbox 1731 2342 1840 2383; x_wconf 82' lang='lat' dir='ltr'><strong>ex-</strong></span> 
     </span>
     <span class='ocr_line' id='line_1_20' title="bbox 350 2420 1840 2504; baseline -0.009 -11"><span class='ocrx_word' id='word_1_110' title='bbox 350 2439 548 2499; x_wconf 78' lang='lat' dir='ltr'><strong>eunte</strong></span> <span class='ocrx_word' id='word_1_111' title='bbox 602 2424 964 2487; x_wconf 83' lang='lat' dir='ltr'><strong>Novembri</strong></span> <span class='ocrx_word' id='word_1_112' title='bbox 1020 2425 1103 2490; x_wconf 88' lang='lat' dir='ltr'><strong>V.</strong></span> <span class='ocrx_word' id='word_1_113' title='bbox 1151 2426 1222 2487; x_wconf 85' lang='lat' dir='ltr'><strong>C.</strong></span> <span class='ocrx_word' id='word_1_114' title='bbox 1287 2432 1482 2500; x_wconf 80' lang='lat'>1004,</span> <span class='ocrx_word' id='word_1_115' title='bbox 1543 2424 1648 2486; x_wconf 80' lang='lat' dir='ltr'><strong>vel</strong></span> <span class='ocrx_word' id='word_1_116' title='bbox 1713 2420 1840 2504; x_wconf 78' lang='lat' dir='ltr'><strong>ipsi</strong></span> 
     </span>
     <span class='ocr_line' id='line_1_21' title="bbox 350 2523 1838 2599; baseline -0.006 -8"><span class='ocrx_word' id='word_1_117' title='bbox 350 2524 709 2591; x_wconf 72' lang='lat' dir='ltr'><strong>adversarii</strong></span> <span class='ocrx_word' id='word_1_118' title='bbox 753 2523 1036 2599; x_wconf 83' lang='lat' dir='ltr'><strong>dabunt,</strong></span> <span class='ocrx_word' id='word_1_119' title='bbox 1112 2546 1194 2588; x_wconf 86' lang='lat' dir='ltr'><strong>ex</strong></span> <span class='ocrx_word' id='word_1_120' title='bbox 1244 2523 1838 2587; x_wconf 75' lang='lat' dir='ltr'><strong>Alexandrinorum</strong></span> 
     </span>
     <span class='ocr_line' id='line_1_22' title="bbox 352 2620 1846 2711; baseline -0.007 -18"><span class='ocrx_word' id='word_1_121' title='bbox 352 2627 613 2693; x_wconf 87' lang='lat' dir='ltr'><strong>calculo</strong></span> <span class='ocrx_word' id='word_1_122' title='bbox 655 2646 894 2689; x_wconf 85' lang='lat' dir='ltr'><strong>annum</strong></span> <span class='ocrx_word' id='word_1_123' title='bbox 937 2620 997 2686; x_wconf 89' lang='grc' dir='ltr'>Γ</span> <span class='ocrx_word' id='word_1_124' title='bbox 1040 2627 1333 2711; x_wconf 84' lang='lat' dir='ltr'><strong>incipere</strong></span> <span class='ocrx_word' id='word_1_125' title='bbox 1379 2626 1683 2689; x_wconf 84' lang='lat' dir='ltr'><strong>debuisse</strong></span> <span class='ocrx_word' id='word_1_126' title='bbox 1733 2622 1846 2684; x_wconf 73' lang='lat' dir='ltr'><strong>die</strong></span> 
     </span>
     <span class='ocr_line' id='line_1_23' title="bbox 346 2726 1844 2811; baseline -0.005 -19"><span class='ocrx_word' id='word_1_127' title='bbox 346 2730 590 2794; x_wconf 79' lang='lat' dir='ltr'><strong>xxtx.</strong></span> <span class='ocrx_word' id='word_1_128' title='bbox 627 2726 911 2811; x_wconf 81' lang='lat' dir='ltr'><strong>Augusti</strong></span> <span class='ocrx_word' id='word_1_129' title='bbox 954 2728 1106 2790; x_wconf 76' lang='lat' dir='ltr'><strong>anni</strong></span> <span class='ocrx_word' id='word_1_130' title='bbox 1155 2728 1354 2803; x_wconf 76' lang='lat'>1006,</span> <span class='ocrx_word' id='word_1_131' title='bbox 1401 2746 1681 2811; x_wconf 87' lang='lat' dir='ltr'><strong>cumque</strong></span> <span class='ocrx_word' id='word_1_132' title='bbox 1724 2746 1844 2785; x_wconf 87' lang='lat' dir='ltr'><strong>nu·</strong></span> 
     </span>
     <span class='ocr_line' id='line_1_24' title="bbox 351 2822 1847 2917; baseline -0.008 -20"><span class='ocrx_word' id='word_1_133' title='bbox 351 2853 610 2897; x_wconf 87' lang='lat' dir='ltr'><strong>morum</strong></span> <span class='ocrx_word' id='word_1_134' title='bbox 642 2822 1226 2917; x_wconf 83' lang='lat' dir='ltr'><strong>sicinscriptorum</strong></span> <span class='ocrx_word' id='word_1_135' title='bbox 1261 2847 1493 2913; x_wconf 85' lang='lat' dir='ltr'><strong>magna</strong></span> <span class='ocrx_word' id='word_1_136' title='bbox 1519 2827 1707 2910; x_wconf 88' lang='lat' dir='ltr'><strong>copia</strong></span> <span class='ocrx_word' id='word_1_137' title='bbox 1741 2846 1847 2886; x_wconf 80' lang='lat' dir='ltr'><strong>su-</strong></span> 
     </span>
     <span class='ocr_line' id='line_1_25' title="bbox 351 2929 1845 3023; baseline -0.005 -24"><span class='ocrx_word' id='word_1_138' title='bbox 351 2936 593 3023; x_wconf 86' lang='lat' dir='ltr'><strong>persit,</strong></span> <span class='ocrx_word' id='word_1_139' title='bbox 638 2934 911 3003; x_wconf 70' lang='lat' dir='ltr'><strong>necesse</strong></span> <span class='ocrx_word' id='word_1_140' title='bbox 948 2943 1083 3008; x_wconf 74' lang='lat' dir='ltr'><strong>est,</strong></span> <span class='ocrx_word' id='word_1_141' title='bbox 1131 2931 1394 3016; x_wconf 82' lang='lat' dir='ltr'><strong>longius</strong></span> <span class='ocrx_word' id='word_1_142' title='bbox 1431 2929 1642 2992; x_wconf 85' lang='lat' dir='ltr'><strong>adhuc</strong></span> <span class='ocrx_word' id='word_1_143' title='bbox 1681 2941 1845 2991; x_wconf 85' lang='lat' dir='ltr'><strong>tem-</strong></span> 
     </span>
     <span class='ocr_line' id='line_1_26' title="bbox 351 3024 1850 3121; baseline -0.005 -22"><span class='ocrx_word' id='word_1_144' title='bbox 351 3058 475 3121; x_wconf 85' lang='lat' dir='ltr'><strong>pus</strong></span> <span class='ocrx_word' id='word_1_145' title='bbox 520 3032 672 3096; x_wconf 80' lang='lat' dir='ltr'><strong>inde</strong></span> <span class='ocrx_word' id='word_1_146' title='bbox 719 3059 755 3098; x_wconf 87' lang='lat' dir='ltr'><strong>a</strong></span> <span class='ocrx_word' id='word_1_147' title='bbox 801 3024 979 3098; x_wconf 81' lang='lat' dir='ltr'><strong>dicto</strong></span> <span class='ocrx_word' id='word_1_148' title='bbox 1039 3031 1147 3095; x_wconf 79' lang='lat' dir='ltr'><strong>die</strong></span> <span class='ocrx_word' id='word_1_149' title='bbox 1189 3032 1550 3115; x_wconf 80' lang='lat' dir='ltr'><strong>imperasse</strong></span> <span class='ocrx_word' id='word_1_150' title='bbox 1596 3027 1850 3091; x_wconf 85' lang='lat' dir='ltr'><strong>Trebo-</strong></span> 
     </span>
     <span class='ocr_line' id='line_1_27' title="bbox 354 3129 1848 3217; baseline -0.008 -15"><span class='ocrx_word' id='word_1_151' title='bbox 354 3139 644 3204; x_wconf 86' lang='lat' dir='ltr'><strong>nianum.</strong></span> <span class='ocrx_word' id='word_1_152' title='bbox 730 3138 820 3200; x_wconf 83' lang='lat' dir='ltr'><strong>Hi</strong></span> <span class='ocrx_word' id='word_1_153' title='bbox 879 3155 1040 3217; x_wconf 90' lang='lat' dir='ltr'><strong>ergo</strong></span> <span class='ocrx_word' id='word_1_154' title='bbox 1099 3132 1281 3195; x_wconf 88' lang='lat' dir='ltr'><strong>numi</strong></span> <span class='ocrx_word' id='word_1_155' title='bbox 1341 3129 1658 3213; x_wconf 82' lang='lat' dir='ltr'><strong>adfligunt</strong></span> <span class='ocrx_word' id='word_1_156' title='bbox 1702 3149 1848 3191; x_wconf 87' lang='lat' dir='ltr'><strong>sen·</strong></span> 
     </span>
     <span class='ocr_line' id='line_1_28' title="bbox 355 3228 1846 3317; baseline -0.009 -14"><span class='ocrx_word' id='word_1_157' title='bbox 355 3241 626 3304; x_wconf 84' lang='lat' dir='ltr'><strong>tentiam</strong></span> <span class='ocrx_word' id='word_1_158' title='bbox 706 3236 1160 3311; x_wconf 85' lang='lat' dir='ltr'><strong>Tillemontii‚</strong></span> <span class='ocrx_word' id='word_1_159' title='bbox 1222 3233 1446 3317; x_wconf 70' lang='lat' dir='ltr'><strong>Fugit,</strong></span> <span class='ocrx_word' id='word_1_160' title='bbox 1505 3228 1846 3305; x_wconf 68' lang='lat' dir='ltr'><strong>Roudon-ii,</strong></span> 
     </span>
     <span class='ocr_line' id='line_1_29' title="bbox 355 3334 1850 3426; baseline -0.008 -20"><span class='ocrx_word' id='word_1_161' title='bbox 355 3341 803 3426; x_wconf 65' lang='lat' dir='ltr'><strong>aliorumque,</strong></span> <span class='ocrx_word' id='word_1_162' title='bbox 880 3338 991 3423; x_wconf 90' lang='lat' dir='ltr'><strong>qui</strong></span> <span class='ocrx_word' id='word_1_163' title='bbox 1054 3334 1543 3399; x_wconf 84' lang='lat' dir='ltr'><strong>Trebonianum</strong></span> <span class='ocrx_word' id='word_1_164' title='bbox 1622 3352 1850 3395; x_wconf 75' lang='lat' dir='ltr'><strong>meuse</strong></span> 
     </span>
     <span class='ocr_line' id='line_1_30' title="bbox 359 3434 1851 3507; baseline -0.008 0"><span class='ocrx_word' id='word_1_165' title='bbox 359 3443 538 3507; x_wconf 61' lang='lat' dir='ltr'><strong>Baio</strong></span> <span class='ocrx_word' id='word_1_166' title='bbox 588 3456 698 3507; x_wconf 79' lang='lat' dir='ltr'><strong>sut</strong></span> <span class='ocrx_word' id='word_1_167' title='bbox 745 3439 935 3503; x_wconf 82' lang='lat' dir='ltr'><strong>Iunio</strong></span> <span class='ocrx_word' id='word_1_168' title='bbox 979 3435 1132 3501; x_wconf 83' lang='lat' dir='ltr'><strong>anni</strong></span> <span class='ocrx_word' id='word_1_169' title='bbox 1186 3434 1346 3498; x_wconf 74' lang='lat' dir='ltr'><strong>ioob</strong></span> <span class='ocrx_word' id='word_1_170' title='bbox 1412 3454 1675 3499; x_wconf 84' lang='lat' dir='ltr'><strong>caesum</strong></span> <span class='ocrx_word' id='word_1_171' title='bbox 1725 3447 1851 3497; x_wconf 82' lang='lat' dir='ltr'><strong>sta·</strong></span> 
     </span>
    </p>
   </div>
   <div class='ocr_carea' id='block_1_5' title="bbox 355 3559 571 3609">
    <p class='ocr_par' dir='ltr' id='par_1_7' title="bbox 355 3559 571 3609">
     <span class='ocr_line' id='line_1_31' title="bbox 355 3559 571 3609; baseline -0.005 0"><span class='ocrx_word' id='word_1_172' title='bbox 355 3559 571 3609; x_wconf 63' lang='lat' dir='ltr'><strong>luere.</strong></span> 
     </span>
    </p>
   </div>
   <div class='ocr_carea' id='block_1_6' title="bbox 355 3739 1856 4432">
    <p class='ocr_par' dir='ltr' id='par_1_8' title="bbox 355 3739 1856 4432">
     <span class='ocr_line' id='line_1_32' title="bbox 359 3739 1854 3812; baseline -0.009 1"><span class='ocrx_word' id='word_1_173' title='bbox 359 3749 541 3812; x_wconf 80' lang='lat' dir='ltr'><strong>nium</strong></span> <span class='ocrx_word' id='word_1_174' title='bbox 585 3744 839 3809; x_wconf 80' lang='lat' dir='ltr'><strong>accedit</strong></span> <span class='ocrx_word' id='word_1_175' title='bbox 888 3762 970 3804; x_wconf 85' lang='lat' dir='ltr'><strong>ex</strong></span> <span class='ocrx_word' id='word_1_176' title='bbox 1032 3740 1249 3804; x_wconf 87' lang='lat' dir='ltr'><strong>numis</strong></span> <span class='ocrx_word' id='word_1_177' title='bbox 1295 3739 1695 3803; x_wconf 85' lang='lat' dir='ltr'><strong>Treboniani</strong></span> <span class='ocrx_word' id='word_1_178' title='bbox 1747 3757 1854 3801; x_wconf 85' lang='lat' dir='ltr'><strong>ae·</strong></span> 
     </span>
     <span class='ocr_line' id='line_1_33' title="bbox 361 3840 1848 3935; baseline -0.009 -22"><span class='ocrx_word' id='word_1_179' title='bbox 361 3868 491 3935; x_wconf 83' lang='lat' dir='ltr'><strong>que</strong></span> <span class='ocrx_word' id='word_1_180' title='bbox 527 3868 603 3911; x_wconf 76' lang='lat' dir='ltr'><strong>ae</strong></span> <span class='ocrx_word' id='word_1_181' title='bbox 629 3844 974 3915; x_wconf 80' lang='lat' dir='ltr'><strong>Volusiani</strong></span> <span class='ocrx_word' id='word_1_182' title='bbox 1009 3842 1345 3928; x_wconf 82' lang='lat' dir='ltr'><strong>inscriptis</strong></span> <span class='ocrx_word' id='word_1_183' title='bbox 1373 3844 1451 3905; x_wconf 89' lang='lat' dir='ltr'><strong>P.</strong></span> <span class='ocrx_word' id='word_1_184' title='bbox 1472 3843 1566 3903; x_wconf 76' lang='lat' dir='ltr'><strong>M.</strong></span> <span class='ocrx_word' id='word_1_185' title='bbox 1599 3843 1738 3902; x_wconf 78' lang='grc' dir='ltr'><strong>ΤΒ.</strong></span> <span class='ocrx_word' id='word_1_186' title='bbox 1769 3840 1848 3902; x_wconf 88' lang='grc' dir='ltr'><strong>Ρ.</strong></span> 
     </span>
     <span class='ocr_line' id='line_1_34' title="bbox 362 3930 1852 4029; baseline -0.007 -17"><span class='ocrx_word' id='word_1_187' title='bbox 362 3950 506 4012; x_wconf 83' lang='lat'><strong>1111.</strong></span> <span class='ocrx_word' id='word_1_188' title='bbox 553 3947 746 4013; x_wconf 84' lang='lat' dir='ltr'><strong>COS.</strong></span> <span class='ocrx_word' id='word_1_189' title='bbox 789 3930 869 4009; x_wconf 83' lang='grc' dir='ltr'><strong>ῘῘ.</strong></span> <span class='ocrx_word' id='word_1_190' title='bbox 895 3990 910 4023; x_wconf 93' lang='grc'><strong>,</strong></span> <span class='ocrx_word' id='word_1_191' title='bbox 989 3963 1071 4006; x_wconf 79' lang='lat' dir='ltr'><strong>ex</strong></span> <span class='ocrx_word' id='word_1_192' title='bbox 1126 3964 1258 4029; x_wconf 87' lang='lat' dir='ltr'><strong>quo</strong></span> <span class='ocrx_word' id='word_1_193' title='bbox 1315 3942 1681 4005; x_wconf 81' lang='lat' dir='ltr'><strong>tiibunatus</strong></span> <span class='ocrx_word' id='word_1_194' title='bbox 1734 3961 1852 4001; x_wconf 91' lang='lat' dir='ltr'><strong>nu-</strong></span> 
     </span>
     <span class='ocr_line' id='line_1_35' title="bbox 364 4041 1850 4115; baseline -0.009 0"><span class='ocrx_word' id='word_1_195' title='bbox 364 4070 551 4115; x_wconf 80' lang='lat' dir='ltr'><strong>mero</strong></span> <span class='ocrx_word' id='word_1_196' title='bbox 618 4066 891 4111; x_wconf 86' lang='lat' dir='ltr'><strong>necesse</strong></span> <span class='ocrx_word' id='word_1_197' title='bbox 937 4058 1037 4109; x_wconf 87' lang='lat' dir='ltr'><strong>est</strong></span> <span class='ocrx_word' id='word_1_198' title='bbox 1081 4042 1572 4107; x_wconf 84' lang='lat' dir='ltr'><strong>Trebonianum</strong></span> <span class='ocrx_word' id='word_1_199' title='bbox 1619 4041 1850 4103; x_wconf 83' lang='lat' dir='ltr'><strong>saltem</strong></span> 
     </span>
     <span class='ocr_line' id='line_1_36' title="bbox 363 4144 1854 4229; baseline -0.01 -12"><span class='ocrx_word' id='word_1_200' title='bbox 363 4170 603 4217; x_wconf 76' lang='lat' dir='ltr'><strong>sunum</strong></span> <span class='ocrx_word' id='word_1_201' title='bbox 645 4168 803 4229; x_wconf 79' lang='lat' dir='ltr'><strong>too7</strong></span> <span class='ocrx_word' id='word_1_202' title='bbox 839 4146 1203 4212; x_wconf 78' lang='lat' dir='ltr'><strong>inchoasse.</strong></span> <span class='ocrx_word' id='word_1_203' title='bbox 1246 4147 1431 4208; x_wconf 85' lang='lat' dir='ltr'><strong>Haec</strong></span> <span class='ocrx_word' id='word_1_204' title='bbox 1462 4144 1702 4206; x_wconf 76' lang='lat' dir='ltr'><strong>horum</strong></span> <span class='ocrx_word' id='word_1_205' title='bbox 1734 4164 1854 4203; x_wconf 75' lang='lat' dir='ltr'><strong>nu·</strong></span> 
     </span>
     <span class='ocr_line' id='line_1_37' title="bbox 355 4246 1854 4316; baseline -0.007 0"><span class='ocrx_word' id='word_1_206' title='bbox 355 4256 623 4316; x_wconf 84' lang='lat' dir='ltr'><strong>&#39;morum</strong></span> <span class='ocrx_word' id='word_1_207' title='bbox 660 4250 1032 4315; x_wconf 87' lang='lat' dir='ltr'><strong>testimonia</strong></span> <span class='ocrx_word' id='word_1_208' title='bbox 1083 4246 1243 4310; x_wconf 89' lang='lat' dir='ltr'><strong>tanti</strong></span> <span class='ocrx_word' id='word_1_209' title='bbox 1294 4246 1429 4308; x_wconf 80' lang='lat' dir='ltr'><strong>visa</strong></span> <span class='ocrx_word' id='word_1_210' title='bbox 1474 4258 1622 4309; x_wconf 87' lang='lat' dir='ltr'><strong>sunt</strong></span> <span class='ocrx_word' id='word_1_211' title='bbox 1664 4246 1854 4307; x_wconf 84' lang='lat' dir='ltr'><strong>Peta-</strong></span> 
     </span>
     <span class='ocr_line' id='line_1_38' title="bbox 369 4346 1856 4432; baseline -0.011 -10"><span class='ocrx_word' id='word_1_212' title='bbox 369 4354 513 4432; x_wconf 69' lang='lat' dir='ltr'><strong>vio,</strong></span> <span class='ocrx_word' id='word_1_213' title='bbox 573 4366 644 4416; x_wconf 79' lang='lat' dir='ltr'><strong>ut</strong></span> <span class='ocrx_word' id='word_1_214' title='bbox 703 4372 836 4415; x_wconf 82' lang='lat' dir='ltr'><strong>non</strong></span> <span class='ocrx_word' id='word_1_215' title='bbox 899 4349 1230 4413; x_wconf 77' lang='lat' dir='ltr'><strong>dubitaret</strong></span> <span class='ocrx_word' id='word_1_216' title='bbox 1272 4346 1675 4411; x_wconf 75' lang='lat' dir='ltr'><strong>Treboniani</strong></span> <span class='ocrx_word' id='word_1_217' title='bbox 1738 4346 1856 4407; x_wconf 86' lang='lat' dir='ltr'><strong>im·</strong></span> 
     </span>
    </p>
   </div>
   <div class='ocr_carea' id='block_1_7' title="bbox 483 3622 1878 3723">
    <p class='ocr_par' dir='ltr' id='par_1_9' title="bbox 483 3622 1878 3723">
     <span class='ocr_line' id='line_1_39' title="bbox 483 3622 1878 3723; baseline -0.01 -12"><span class='ocrx_word' id='word_1_218' title='bbox 483 3643 946 3711; x_wconf 80' lang='lat' dir='ltr'><strong>Fortissimum</strong></span> <span class='ocrx_word' id='word_1_219' title='bbox 979 3640 1131 3704; x_wconf 82' lang='lat' dir='ltr'><strong>huic</strong></span> <span class='ocrx_word' id='word_1_220' title='bbox 1167 3634 1530 3704; x_wconf 86' lang='lat' dir='ltr'><strong>sententiae</strong></span> <span class='ocrx_word' id='word_1_221' title='bbox 1569 3622 1878 3723; x_wconf 38' lang='lat' dir='ltr'><strong>patroni?</strong></span> 
     </span>
    </p>
   </div>
   <div class='ocr_carea' id='block_1_8' title="bbox 1943 594 3445 1090">
    <p class='ocr_par' dir='ltr' id='par_1_10' title="bbox 1943 594 3445 1090">
     <span class='ocr_line' id='line_1_40' title="bbox 1943 594 3441 683; baseline 0.005 -25"><span class='ocrx_word' id='word_1_222' title='bbox 1943 596 2200 681; x_wconf 81' lang='lat' dir='ltr'><strong>perium</strong></span> <span class='ocrx_word' id='word_1_223' title='bbox 2253 616 2335 661; x_wconf 89' lang='lat' dir='ltr'><strong>eo</strong></span> <span class='ocrx_word' id='word_1_224' title='bbox 2378 617 2587 683; x_wconf 80' lang='lat' dir='ltr'><strong>usque</strong></span> <span class='ocrx_word' id='word_1_225' title='bbox 2631 594 3015 661; x_wconf 73' lang='lat' dir='ltr'><strong>extendere.</strong></span> <span class='ocrx_word' id='word_1_226' title='bbox 3058 670 3065 677; x_wconf 19' lang='grc' dir='ltr'>κ</span> <span class='ocrx_word' id='word_1_227' title='bbox 3100 599 3235 662; x_wconf 83' lang='grc' dir='ltr'><strong>ΔΙίἰ</strong></span> <span class='ocrx_word' id='word_1_228' title='bbox 3274 621 3441 666; x_wconf 74' lang='lat' dir='ltr'><strong>vero</strong></span> 
     </span>
     <span class='ocr_line' id='line_1_41' title="bbox 1946 698 3443 785; baseline 0.005 -26"><span class='ocrx_word' id='word_1_229' title='bbox 1946 698 2104 761; x_wconf 83' lang='lat' dir='ltr'><strong>alias</strong></span> <span class='ocrx_word' id='word_1_230' title='bbox 2137 718 2367 760; x_wconf 90' lang='lat' dir='ltr'><strong>eorum</strong></span> <span class='ocrx_word' id='word_1_231' title='bbox 2399 700 2937 785; x_wconf 85' lang='lat' dir='ltr'><strong>explicandorum</strong></span> <span class='ocrx_word' id='word_1_232' title='bbox 2971 699 3282 778; x_wconf 86' lang='lat' dir='ltr'><strong>rationes,</strong></span> <span class='ocrx_word' id='word_1_233' title='bbox 3318 703 3443 766; x_wconf 66' lang='lat' dir='ltr'><strong>secl</strong></span> 
     </span>
     <span class='ocr_line' id='line_1_42' title="bbox 1947 799 3436 887; baseline 0.005 -28"><span class='ocrx_word' id='word_1_234' title='bbox 1947 799 2315 883; x_wconf 84' lang='lat' dir='ltr'><strong>singulares</strong></span> <span class='ocrx_word' id='word_1_235' title='bbox 2354 801 2621 863; x_wconf 89' lang='lat' dir='ltr'><strong>omniuo</strong></span> <span class='ocrx_word' id='word_1_236' title='bbox 2659 802 2872 865; x_wconf 87' lang='lat' dir='ltr'><strong>coacti</strong></span> <span class='ocrx_word' id='word_1_237' title='bbox 2921 816 3074 865; x_wconf 86' lang='lat' dir='ltr'><strong>sunt</strong></span> <span class='ocrx_word' id='word_1_238' title='bbox 3112 803 3436 887; x_wconf 82' lang='lat' dir='ltr'><strong>reperire.</strong></span> 
     </span>
     <span class='ocr_line' id='line_1_43' title="bbox 1947 900 3443 990; baseline 0.002 -26"><span class='ocrx_word' id='word_1_239' title='bbox 1947 900 2246 964; x_wconf 83' lang='lat' dir='ltr'><strong>Celerius</strong></span> <span class='ocrx_word' id='word_1_240' title='bbox 2285 918 2430 965; x_wconf 87' lang='lat' dir='ltr'><strong>sese</strong></span> <span class='ocrx_word' id='word_1_241' title='bbox 2468 902 2825 986; x_wconf 79' lang='lat' dir='ltr'><strong>expediunt</strong></span> <span class='ocrx_word' id='word_1_242' title='bbox 2867 904 2954 980; x_wconf 89' lang='lat' dir='ltr'><strong>ii,</strong></span> <span class='ocrx_word' id='word_1_243' title='bbox 3001 905 3114 990; x_wconf 92' lang='lat' dir='ltr'><strong>qui</strong></span> <span class='ocrx_word' id='word_1_244' title='bbox 3146 905 3443 989; x_wconf 84' lang='lat' dir='ltr'><strong>priorem</strong></span> 
     </span>
     <span class='ocr_line' id='line_1_44' title="bbox 1946 1003 3445 1090; baseline 0.003 -25"><span class='ocrx_word' id='word_1_245' title='bbox 1946 1003 2339 1066; x_wconf 88' lang='lat' dir='ltr'><strong>sententiam</strong></span> <span class='ocrx_word' id='word_1_246' title='bbox 2387 1003 2716 1066; x_wconf 86' lang='lat' dir='ltr'><strong>malebant</strong></span> <span class='ocrx_word' id='word_1_247' title='bbox 2745 1006 3077 1090; x_wconf 84' lang='lat' dir='ltr'><strong>amplecti.</strong></span> <span class='ocrx_word' id='word_1_248' title='bbox 3153 1010 3295 1069; x_wconf 88' lang='lat' dir='ltr'><strong>Hos</strong></span> <span class='ocrx_word' id='word_1_249' title='bbox 3325 1029 3445 1070; x_wconf 86' lang='lat' dir='ltr'><strong>nu·-</strong></span> 
     </span>
    </p>
   </div>
   <div class='ocr_carea' id='block_1_9' title="bbox 1944 1105 3556 1189">
    <p class='ocr_par' dir='ltr' id='par_1_11' title="bbox 1944 1105 3556 1189">
     <span class='ocr_line' id='line_1_45' title="bbox 1944 1105 3556 1189; baseline 0.004 -24"><span class='ocrx_word' id='word_1_250' title='bbox 1944 1126 2126 1181; x_wconf 85' lang='lat' dir='ltr'><strong>mos‚</strong></span> <span class='ocrx_word' id='word_1_251' title='bbox 2194 1105 2410 1180; x_wconf 77' lang='lat' dir='ltr'><strong>aiunt,</strong></span> <span class='ocrx_word' id='word_1_252' title='bbox 2472 1119 2582 1167; x_wconf 88' lang='lat' dir='ltr'><strong>aut</strong></span> <span class='ocrx_word' id='word_1_253' title='bbox 2626 1126 2772 1168; x_wconf 89' lang='lat' dir='ltr'><strong>esse</strong></span> <span class='ocrx_word' id='word_1_254' title='bbox 2819 1107 3266 1184; x_wconf 80' lang='lat' dir='ltr'><strong>adulterinos,</strong></span> <span class='ocrx_word' id='word_1_255' title='bbox 3332 1122 3443 1170; x_wconf 87' lang='lat' dir='ltr'><strong>aut</strong></span> <span class='ocrx_word' id='word_1_256' title='bbox 3544 1175 3556 1189; x_wconf 24' lang='grc' dir='ltr'>ἱ</span> 
     </span>
    </p>
   </div>
   <div class='ocr_carea' id='block_1_10' title="bbox 1946 1196 3483 1699">
    <p class='ocr_par' dir='ltr' id='par_1_12' title="bbox 1946 1196 3483 1699">
     <span class='ocr_line' id='line_1_46' title="bbox 1946 1196 3455 1293; baseline 0.003 -27"><span class='ocrx_word' id='word_1_257' title='bbox 1946 1208 2116 1271; x_wconf 81' lang='lat' dir='ltr'><strong>malo</strong></span> <span class='ocrx_word' id='word_1_258' title='bbox 2165 1205 2570 1293; x_wconf 83' lang='lat' dir='ltr'><strong>descriptos,</strong></span> <span class='ocrx_word' id='word_1_259' title='bbox 2615 1224 2726 1272; x_wconf 84' lang='lat' dir='ltr'><strong>aut</strong></span> <span class='ocrx_word' id='word_1_260' title='bbox 2782 1196 3298 1273; x_wconf 75' lang='lat' dir='ltr'><strong>monetariorum</strong></span> <span class='ocrx_word' id='word_1_261' title='bbox 3345 1210 3455 1293; x_wconf 61' lang='lat' dir='ltr'><strong>vi·⁶</strong></span> 
     </span>
     <span class='ocr_line' id='line_1_47' title="bbox 1947 1301 3449 1395; baseline 0.002 -26"><span class='ocrx_word' id='word_1_262' title='bbox 1947 1308 2037 1371; x_wconf 89' lang='lat' dir='ltr'><strong>tio</strong></span> <span class='ocrx_word' id='word_1_263' title='bbox 2096 1301 2518 1392; x_wconf 71' lang='lat' dir='ltr'><strong>depravatos,</strong></span> <span class='ocrx_word' id='word_1_264' title='bbox 2587 1332 2737 1375; x_wconf 90' lang='lat' dir='ltr'><strong>cum</strong></span> <span class='ocrx_word' id='word_1_265' title='bbox 2796 1310 3069 1372; x_wconf 83' lang='lat' dir='ltr'><strong>alterius</strong></span> <span class='ocrx_word' id='word_1_266' title='bbox 3125 1309 3449 1395; x_wconf 80' lang='lat' dir='ltr'><strong>principis</strong></span> 
     </span>
     <span class='ocr_line' id='line_1_48' title="bbox 1947 1410 3453 1503; baseline 0.003 -33"><span class='ocrx_word' id='word_1_267' title='bbox 1947 1410 2253 1472; x_wconf 86' lang='lat' dir='ltr'><strong>matrices</strong></span> <span class='ocrx_word' id='word_1_268' title='bbox 2284 1410 2520 1503; x_wconf 75' lang='lat' dir='ltr'><strong>horum</strong></span> <span class='ocrx_word' id='word_1_269' title='bbox 2548 1411 2869 1496; x_wconf 87' lang='lat' dir='ltr'><strong>capitibus</strong></span> <span class='ocrx_word' id='word_1_270' title='bbox 2907 1412 3255 1475; x_wconf 82' lang='lat' dir='ltr'><strong>sociarent.</strong></span> <span class='ocrx_word' id='word_1_271' title='bbox 3314 1413 3453 1481; x_wconf 80' lang='lat' dir='ltr'><strong>Vc·</strong></span> 
     </span>
     <span class='ocr_line' id='line_1_49' title="bbox 1946 1509 3483 1597; baseline -0.001 -24"><span class='ocrx_word' id='word_1_272' title='bbox 1946 1533 2093 1573; x_wconf 89' lang='lat' dir='ltr'><strong>rum</strong></span> <span class='ocrx_word' id='word_1_273' title='bbox 2124 1509 2302 1575; x_wconf 85' lang='lat' dir='ltr'><strong>istud</strong></span> <span class='ocrx_word' id='word_1_274' title='bbox 2337 1526 2586 1574; x_wconf 89' lang='lat' dir='ltr'><strong>temere</strong></span> <span class='ocrx_word' id='word_1_275' title='bbox 2629 1513 2847 1575; x_wconf 81' lang='lat' dir='ltr'><strong>adseri</strong></span> <span class='ocrx_word' id='word_1_276' title='bbox 2882 1514 3024 1597; x_wconf 88' lang='lat' dir='ltr'><strong>ipsa</strong></span> <span class='ocrx_word' id='word_1_277' title='bbox 3060 1514 3297 1576; x_wconf 81' lang='lat' dir='ltr'><strong>horum</strong></span> <span class='ocrx_word' id='word_1_278' title='bbox 3330 1534 3483 1575; x_wconf 82' lang='lat' dir='ltr'><strong>uu·.</strong></span> 
     </span>
     <span class='ocr_line' id='line_1_50' title="bbox 1951 1596 3450 1699; baseline 0.001 -25"><span class='ocrx_word' id='word_1_279' title='bbox 1951 1596 2207 1675; x_wconf 80' lang='lat' dir='ltr'><strong>morum</strong></span> <span class='ocrx_word' id='word_1_280' title='bbox 2249 1615 2437 1699; x_wconf 83' lang='lat' dir='ltr'><strong>copia</strong></span> <span class='ocrx_word' id='word_1_281' title='bbox 2475 1626 2603 1674; x_wconf 86' lang='lat' dir='ltr'><strong>tam</strong></span> <span class='ocrx_word' id='word_1_282' title='bbox 2640 1614 2707 1674; x_wconf 88' lang='lat' dir='ltr'><strong>in</strong></span> <span class='ocrx_word' id='word_1_283' title='bbox 2747 1629 3065 1698; x_wconf 49' lang='lat' dir='ltr'><strong>argentm·</strong></span> <span class='ocrx_word' id='word_1_284' title='bbox 3104 1635 3298 1699; x_wconf 87' lang='lat' dir='ltr'><strong>quam</strong></span> <span class='ocrx_word' id='word_1_285' title='bbox 3342 1600 3450 1676; x_wconf 53' lang='lat' dir='ltr'><strong>aee</strong></span> 
     </span>
    </p>
   </div>
   <div class='ocr_carea' id='block_1_11' title="bbox 1907 1714 3453 1900">
    <p class='ocr_par' dir='ltr' id='par_1_13' title="bbox 1907 1714 3453 1900">
     <span class='ocr_line' id='line_1_51' title="bbox 1907 1714 3453 1798; baseline 0.001 -23"><span class='ocrx_word' id='word_1_286' title='bbox 1907 1786 1912 1792; x_wconf 25' lang='lat'><strong>⁴</strong></span> <span class='ocrx_word' id='word_1_287' title='bbox 1949 1733 2026 1775; x_wconf 81' lang='lat' dir='ltr'><strong>re</strong></span> <span class='ocrx_word' id='word_1_288' title='bbox 2061 1714 2258 1777; x_wconf 87' lang='lat' dir='ltr'><strong>facile</strong></span> <span class='ocrx_word' id='word_1_289' title='bbox 2294 1715 2559 1779; x_wconf 85' lang='lat' dir='ltr'><strong>evincit.</strong></span> <span class='ocrx_word' id='word_1_290' title='bbox 2619 1714 2720 1777; x_wconf 79' lang='lat' dir='ltr'><strong>Ad</strong></span> <span class='ocrx_word' id='word_1_291' title='bbox 2754 1716 2914 1777; x_wconf 84' lang='lat' dir='ltr'><strong>haec</strong></span> <span class='ocrx_word' id='word_1_292' title='bbox 2950 1714 3006 1777; x_wconf 88' lang='lat' dir='ltr'><strong>si</strong></span> <span class='ocrx_word' id='word_1_293' title='bbox 3038 1728 3453 1798; x_wconf 77' lang='lat' dir='ltr'><strong>permutatae</strong></span> 
     </span>
     <span class='ocr_line' id='line_1_52' title="bbox 1913 1814 3452 1900; baseline 0.001 -24"><span class='ocrx_word' id='word_1_294' title='bbox 1913 1814 2175 1876; x_wconf 81' lang='lat' dir='ltr'><strong>&#39;essent</strong></span> <span class='ocrx_word' id='word_1_295' title='bbox 2219 1815 2565 1891; x_wconf 84' lang='lat' dir='ltr'><strong>matrices,</strong></span> <span class='ocrx_word' id='word_1_296' title='bbox 2610 1828 2677 1877; x_wconf 90' lang='lat' dir='ltr'><strong>et</strong></span> <span class='ocrx_word' id='word_1_297' title='bbox 2725 1835 2994 1878; x_wconf 75' lang='lat' dir='ltr'><strong>aversae</strong></span> <span class='ocrx_word' id='word_1_298' title='bbox 3024 1816 3452 1900; x_wconf 36' lang='lat' dir='ltr'><strong>,pertinerent</strong></span> 
     </span>
    </p>
   </div>
   <div class='ocr_carea' id='block_1_12' title="bbox 1953 1913 3543 3723">
    <p class='ocr_par' dir='ltr' id='par_1_14' title="bbox 1953 1913 3543 3622">
     <span class='ocr_line' id='line_1_53' title="bbox 1953 1913 3543 2003; baseline 0 -26"><span class='ocrx_word' id='word_1_299' title='bbox 1953 1913 2036 1977; x_wconf 79' lang='lat' dir='ltr'><strong>ad</strong></span> <span class='ocrx_word' id='word_1_300' title='bbox 2071 1918 2547 1997; x_wconf 81' lang='lat' dir='ltr'><strong>praecedentes</strong></span> <span class='ocrx_word' id='word_1_301' title='bbox 2582 1916 3056 2000; x_wconf 83' lang='lat' dir='ltr'><strong>imperatores,</strong></span> <span class='ocrx_word' id='word_1_302' title='bbox 3102 1916 3279 2003; x_wconf 83' lang='lat' dir='ltr'><strong>quod</strong></span> <span class='ocrx_word' id='word_1_303' title='bbox 3314 1919 3454 2001; x_wconf 86' lang='lat' dir='ltr'><strong>pla·</strong></span> <span class='ocrx_word' id='word_1_304' title='bbox 3536 1962 3543 1977; x_wconf 69' lang='grc'>,</span> 
     </span>
     <span class='ocr_line' id='line_1_54' title="bbox 1953 2014 3456 2103; baseline 0.001 -27"><span class='ocrx_word' id='word_1_305' title='bbox 1953 2036 2037 2078; x_wconf 87' lang='lat' dir='ltr'><strong>ne</strong></span> <span class='ocrx_word' id='word_1_306' title='bbox 2084 2014 2338 2080; x_wconf 83' lang='lat' dir='ltr'><strong>certum</strong></span> <span class='ocrx_word' id='word_1_307' title='bbox 2386 2017 2598 2081; x_wconf 76' lang='lat' dir='ltr'><strong>visum</strong></span> <span class='ocrx_word' id='word_1_308' title='bbox 2644 2031 2745 2080; x_wconf 90' lang='lat' dir='ltr'><strong>est</strong></span> <span class='ocrx_word' id='word_1_309' title='bbox 2778 2020 2984 2103; x_wconf 86' lang='lat' dir='ltr'><strong>Pagio</strong></span> <span class='ocrx_word' id='word_1_310' title='bbox 3019 2020 3118 2098; x_wconf 77' lang='lat'><strong>⁸),</strong></span> <span class='ocrx_word' id='word_1_311' title='bbox 3175 2037 3456 2080; x_wconf 83' lang='lat' dir='ltr'><strong>necesse</strong></span> 
     </span>
     <span class='ocr_line' id='line_1_55' title="bbox 1955 2118 3456 2206; baseline 0.002 -27"><span class='ocrx_word' id='word_1_312' title='bbox 1955 2132 2169 2195; x_wconf 77' lang='lat' dir='ltr'><strong>esset&#39;,</strong></span> <span class='ocrx_word' id='word_1_313' title='bbox 2218 2118 2481 2180; x_wconf 73' lang='lat' dir='ltr'><strong>easdem</strong></span> <span class='ocrx_word' id='word_1_314' title='bbox 2517 2132 2646 2179; x_wconf 88' lang='lat' dir='ltr'><strong>tam</strong></span> <span class='ocrx_word' id='word_1_315' title='bbox 2683 2133 2971 2203; x_wconf 87' lang='lat' dir='ltr'><strong>spectata</strong></span> <span class='ocrx_word' id='word_1_316' title='bbox 2998 2120 3456 2206; x_wconf 80' lang='lat' dir='ltr'><strong>inscriptione,</strong></span> 
     </span>
     <span class='ocr_line' id='line_1_56' title="bbox 1954 2216 3459 2305; baseline 0.003 -26"><span class='ocrx_word' id='word_1_317' title='bbox 1954 2239 2149 2305; x_wconf 85' lang='lat' dir='ltr'><strong>quam</strong></span> <span class='ocrx_word' id='word_1_318' title='bbox 2191 2231 2357 2303; x_wconf 54' lang='lat' dir='ltr'><strong>*typo</strong></span> <span class='ocrx_word' id='word_1_319' title='bbox 2410 2216 2672 2284; x_wconf 79' lang='lat' dir='ltr'><strong>aversas</strong></span> <span class='ocrx_word' id='word_1_320' title='bbox 2719 2240 3075 2284; x_wconf 87' lang='lat' dir='ltr'><strong>occurrere</strong></span> <span class='ocrx_word' id='word_1_321' title='bbox 3124 2221 3194 2283; x_wconf 90' lang='lat' dir='ltr'><strong>in</strong></span> <span class='ocrx_word' id='word_1_322' title='bbox 3237 2222 3459 2284; x_wconf 85' lang='lat' dir='ltr'><strong>numis</strong></span> 
     </span>
     <span class='ocr_line' id='line_1_57' title="bbox 1954 2319 3539 2405; baseline 0.003 -25"><span class='ocrx_word' id='word_1_323' title='bbox 1954 2320 2428 2405; x_wconf 87' lang='lat' dir='ltr'><strong>imperatorum</strong></span> <span class='ocrx_word' id='word_1_324' title='bbox 2506 2319 2813 2402; x_wconf 82' lang='lat' dir='ltr'><strong>proxime</strong></span> <span class='ocrx_word' id='word_1_325' title='bbox 2870 2323 3451 2405; x_wconf 70' lang='lat' dir='ltr'><strong>praecedentium,</strong></span> <span class='ocrx_word' id='word_1_326' title='bbox 3534 2324 3539 2331; x_wconf 79' lang='grc'><em>’</em></span> 
     </span>
     <span class='ocr_line' id='line_1_58' title="bbox 1955 2420 3458 2507; baseline 0.003 -24"><span class='ocrx_word' id='word_1_327' title='bbox 1955 2420 2134 2507; x_wconf 83' lang='lat' dir='ltr'><strong>quod</strong></span> <span class='ocrx_word' id='word_1_328' title='bbox 2182 2435 2399 2483; x_wconf 87' lang='lat' dir='ltr'><strong>tamen</strong></span> <span class='ocrx_word' id='word_1_329' title='bbox 2452 2420 2742 2483; x_wconf 84' lang='lat' dir='ltr'><strong>nondum</strong></span> <span class='ocrx_word' id='word_1_330' title='bbox 2797 2422 3238 2493; x_wconf 82' lang='lat' dir='ltr'><strong>observatum.</strong></span> <span class='ocrx_word' id='word_1_331' title='bbox 3324 2427 3458 2487; x_wconf 88' lang='lat' dir='ltr'><strong>Nu·</strong></span> 
     </span>
     <span class='ocr_line' id='line_1_59' title="bbox 1958 2513 3463 2607; baseline 0.003 -25"><span class='ocrx_word' id='word_1_332' title='bbox 1958 2521 2080 2582; x_wconf 90' lang='lat' dir='ltr'><strong>mis</strong></span> <span class='ocrx_word' id='word_1_333' title='bbox 2125 2520 2219 2584; x_wconf 90' lang='lat' dir='ltr'><strong>sic</strong></span> <span class='ocrx_word' id='word_1_334' title='bbox 2267 2521 2600 2605; x_wconf 84' lang='lat' dir='ltr'><strong>inscriptis</strong></span> <span class='ocrx_word' id='word_1_335' title='bbox 2640 2522 2936 2607; x_wconf 65' lang='lat' dir='ltr'><strong>feliciter</strong></span> <span class='ocrx_word' id='word_1_336' title='bbox 2972 2526 3304 2607; x_wconf 85' lang='lat' dir='ltr'><strong>suppetias</strong></span> <span class='ocrx_word' id='word_1_337' title='bbox 3345 2513 3463 2587; x_wconf 52' lang='lat' dir='ltr'><strong>&#39;ve-</strong></span> 
     </span>
     <span class='ocr_line' id='line_1_60' title="bbox 1954 2621 3456 2711; baseline 0.003 -29"><span class='ocrx_word' id='word_1_338' title='bbox 1954 2621 2091 2696; x_wconf 88' lang='lat' dir='ltr'><strong>nit‚</strong></span> <span class='ocrx_word' id='word_1_339' title='bbox 2139 2642 2534 2707; x_wconf 86' lang='lat' dir='ltr'><strong>omnemque</strong></span> <span class='ocrx_word' id='word_1_340' title='bbox 2564 2624 2811 2711; x_wconf 46' lang='lat' dir='ltr'><strong>his-vel</strong></span> <span class='ocrx_word' id='word_1_341' title='bbox 2849 2626 3097 2687; x_wconf 84' lang='lat' dir='ltr'><strong>erroris</strong></span> <span class='ocrx_word' id='word_1_342' title='bbox 3139 2627 3248 2687; x_wconf 79' lang='lat' dir='ltr'><strong>vel</strong></span> <span class='ocrx_word' id='word_1_343' title='bbox 3278 2625 3456 2687; x_wconf 83' lang='lat' dir='ltr'><strong>frau-</strong></span> 
     </span>
     <span class='ocr_line' id='line_1_61' title="bbox 1959 2723 3458 2810; baseline 0.003 -25"><span class='ocrx_word' id='word_1_344' title='bbox 1959 2723 2060 2785; x_wconf 78' lang='lat' dir='ltr'><strong>dis</strong></span> <span class='ocrx_word' id='word_1_345' title='bbox 2109 2723 2552 2807; x_wconf 74' lang='lat' dir='ltr'><strong>suspicionem</strong></span> <span class='ocrx_word' id='word_1_346' title='bbox 2616 2725 2845 2786; x_wconf 83' lang='lat' dir='ltr'><strong>eximit</strong></span> <span class='ocrx_word' id='word_1_347' title='bbox 2892 2747 3215 2806; x_wconf 83' lang='lat' dir='ltr'><strong>marmor,</strong></span> <span class='ocrx_word' id='word_1_348' title='bbox 3276 2726 3458 2810; x_wconf 81' lang='lat' dir='ltr'><strong>quod</strong></span> 
     </span>
     <span class='ocr_line' id='line_1_62' title="bbox 1959 2824 3461 2890; baseline 0.001 -2"><span class='ocrx_word' id='word_1_349' title='bbox 1959 2838 2173 2888; x_wconf 85' lang='lat' dir='ltr'><strong>exstat</strong></span> <span class='ocrx_word' id='word_1_350' title='bbox 2205 2827 2459 2887; x_wconf 82' lang='lat' dir='ltr'><strong>Romae</strong></span> <span class='ocrx_word' id='word_1_351' title='bbox 2494 2825 2560 2887; x_wconf 90' lang='lat' dir='ltr'><strong>in</strong></span> <span class='ocrx_word' id='word_1_352' title='bbox 2602 2824 2871 2888; x_wconf 85' lang='lat' dir='ltr'><strong>aedibus</strong></span> <span class='ocrx_word' id='word_1_353' title='bbox 2913 2827 3160 2890; x_wconf 88' lang='lat' dir='ltr'><strong>march.</strong></span> <span class='ocrx_word' id='word_1_354' title='bbox 3186 2827 3461 2890; x_wconf 66' lang='lat' dir='ltr'><strong>‘Ronda-</strong></span> 
     </span>
     <span class='ocr_line' id='line_1_63' title="bbox 1957 2926 3477 3017; baseline 0.001 -27"><span class='ocrx_word' id='word_1_355' title='bbox 1957 2927 2135 3002; x_wconf 84' lang='lat' dir='ltr'><strong>nini,</strong></span> <span class='ocrx_word' id='word_1_356' title='bbox 2182 2926 2490 3014; x_wconf 84' lang='lat' dir='ltr'><strong>quodque</strong></span> <span class='ocrx_word' id='word_1_357' title='bbox 2543 2927 2792 3011; x_wconf 85' lang='lat' dir='ltr'><strong>primus</strong></span> <span class='ocrx_word' id='word_1_358' title='bbox 2837 2928 3129 3017; x_wconf 78' lang='lat' dir='ltr'><strong>vulgavit</strong></span> <span class='ocrx_word' id='word_1_359' title='bbox 3181 2928 3477 2991; x_wconf 86' lang='lat' dir='ltr'><strong>Barthe·-</strong></span> 
     </span>
     <span class='ocr_line' id='line_1_64' title="bbox 1959 3026 3459 3111; baseline 0.001 -20"><span class='ocrx_word' id='word_1_360' title='bbox 1959 3029 2217 3111; x_wconf 84' lang='lat' dir='ltr'><strong>lemyus</strong></span> <span class='ocrx_word' id='word_1_361' title='bbox 2250 3026 2355 3109; x_wconf 56' lang='grc' dir='ltr'><strong>ι3),</strong></span> <span class='ocrx_word' id='word_1_362' title='bbox 2402 3043 2468 3092; x_wconf 89' lang='lat' dir='ltr'><strong>et</strong></span> <span class='ocrx_word' id='word_1_363' title='bbox 2521 3030 2690 3091; x_wconf 83' lang='lat' dir='ltr'><strong>infra</strong></span> <span class='ocrx_word' id='word_1_364' title='bbox 2738 3028 2806 3091; x_wconf 90' lang='lat' dir='ltr'><strong>in</strong></span> <span class='ocrx_word' id='word_1_365' title='bbox 2848 3029 3222 3093; x_wconf 85' lang='lat' dir='ltr'><strong>nominibus</strong></span> <span class='ocrx_word' id='word_1_366' title='bbox 3255 3032 3459 3096; x_wconf 87' lang='lat' dir='ltr'><strong>Volu-</strong></span> 
     </span>
     <span class='ocr_line' id='line_1_65' title="bbox 1964 3129 3461 3217; baseline 0.001 -24"><span class='ocrx_word' id='word_1_367' title='bbox 1964 3130 2128 3193; x_wconf 87' lang='lat' dir='ltr'><strong>siani</strong></span> <span class='ocrx_word' id='word_1_368' title='bbox 2172 3130 2504 3213; x_wconf 86' lang='lat' dir='ltr'><strong>copiosius</strong></span> <span class='ocrx_word' id='word_1_369' title='bbox 2546 3130 2961 3205; x_wconf 79' lang='lat' dir='ltr'><strong>recitabitur,</strong></span> <span class='ocrx_word' id='word_1_370' title='bbox 3008 3129 3074 3192; x_wconf 88' lang='lat' dir='ltr'><strong>in</strong></span> <span class='ocrx_word' id='word_1_371' title='bbox 3123 3151 3253 3217; x_wconf 89' lang='lat' dir='ltr'><strong>quo</strong></span> <span class='ocrx_word' id='word_1_372' title='bbox 3293 3135 3461 3195; x_wconf 86' lang='lat' dir='ltr'><strong>Tre·</strong></span> 
     </span>
     <span class='ocr_line' id='line_1_66' title="bbox 1962 3232 3461 3316; baseline -0.001 -20"><span class='ocrx_word' id='word_1_373' title='bbox 1962 3232 2284 3296; x_wconf 84' lang='lat' dir='ltr'><strong>bonianus</strong></span> <span class='ocrx_word' id='word_1_374' title='bbox 2319 3252 2526 3316; x_wconf 85' lang='lat' dir='ltr'><strong>aeque</strong></span> <span class='ocrx_word' id='word_1_375' title='bbox 2566 3254 2638 3294; x_wconf 86' lang='lat' dir='ltr'><strong>ac</strong></span> <span class='ocrx_word' id='word_1_376' title='bbox 2674 3233 3068 3296; x_wconf 83' lang='lat' dir='ltr'><strong>Volusianus</strong></span> <span class='ocrx_word' id='word_1_377' title='bbox 3110 3233 3461 3296; x_wconf 71' lang='lat' dir='ltr'><strong>dicuntur:</strong></span> 
     </span>
     <span class='ocr_line' id='line_1_67' title="bbox 1965 3334 3461 3413; baseline -0.001 -15.995"><span class='ocrx_word' id='word_1_378' title='bbox 1965 3338 2105 3397; x_wconf 83' lang='lat' dir='ltr'><strong>TR.</strong></span> <span class='ocrx_word' id='word_1_379' title='bbox 2137 3334 2210 3413; x_wconf 92' lang='lat' dir='ltr'>P</span> <span class='ocrx_word' id='word_1_380' title='bbox 2244 3334 2383 3394; x_wconf 86' lang='lat'><strong>1111.</strong></span> <span class='ocrx_word' id='word_1_381' title='bbox 2417 3334 2608 3399; x_wconf 88' lang='lat' dir='ltr'><strong>COS.</strong></span> <span class='ocrx_word' id='word_1_382' title='bbox 2645 3335 2727 3396; x_wconf 89' lang='lat'><strong>11.</strong></span> <span class='ocrx_word' id='word_1_383' title='bbox 2758 3336 2832 3396; x_wconf 90' lang='lat' dir='ltr'><strong>P.</strong></span> <span class='ocrx_word' id='word_1_384' title='bbox 2871 3339 2950 3400; x_wconf 90' lang='lat' dir='ltr'><strong>P.</strong></span> <span class='ocrx_word' id='word_1_385' title='bbox 3037 3338 3142 3398; x_wconf 87' lang='lat' dir='ltr'><strong>An</strong></span> <span class='ocrx_word' id='word_1_386' title='bbox 3190 3348 3259 3397; x_wconf 89' lang='lat' dir='ltr'><strong>et</strong></span> <span class='ocrx_word' id='word_1_387' title='bbox 3289 3355 3461 3397; x_wconf 88' lang='lat' dir='ltr'><strong>mar·</strong></span> 
     </span>
     <span class='ocr_line' id='line_1_68' title="bbox 1963 3435 3462 3521; baseline 0.003 -24"><span class='ocrx_word' id='word_1_388' title='bbox 1963 3456 2112 3499; x_wconf 87' lang='lat' dir='ltr'><strong>mor</strong></span> <span class='ocrx_word' id='word_1_389' title='bbox 2137 3435 2316 3498; x_wconf 76' lang='lat' dir='ltr'><strong>istud</strong></span> <span class='ocrx_word' id='word_1_390' title='bbox 2340 3481 2358 3513; x_wconf 90' lang='lat'>‚</span> <span class='ocrx_word' id='word_1_391' title='bbox 2404 3435 2579 3521; x_wconf 87' lang='lat' dir='ltr'><strong>quod</strong></span> <span class='ocrx_word' id='word_1_392' title='bbox 2616 3457 2767 3500; x_wconf 86' lang='lat' dir='ltr'><strong>cum</strong></span> <span class='ocrx_word' id='word_1_393' title='bbox 2800 3436 3017 3499; x_wconf 84' lang='lat' dir='ltr'><strong>numis</strong></span> <span class='ocrx_word' id='word_1_394' title='bbox 3052 3449 3183 3499; x_wconf 89' lang='lat' dir='ltr'><strong>tam</strong></span> <span class='ocrx_word' id='word_1_395' title='bbox 3215 3436 3462 3501; x_wconf 75' lang='lat' dir='ltr'><strong>eximie</strong></span> 
     </span>
     <span class='ocr_line' id='line_1_69' title="bbox 1964 3535 2816 3622; baseline -0.002 -20"><span class='ocrx_word' id='word_1_396' title='bbox 1964 3538 2329 3620; x_wconf 69' lang='lat' dir='ltr'><strong>conspirat,</strong></span> <span class='ocrx_word' id='word_1_397' title='bbox 2381 3535 2816 3622; x_wconf 72' lang='lat' dir='ltr'><strong>corruptum?</strong></span> 
     </span>
    </p>

    <p class='ocr_par' dir='ltr' id='par_1_15' title="bbox 2043 3636 3490 3723">
     <span class='ocr_line' id='line_1_70' title="bbox 2043 3636 3490 3723; baseline 0.003 -25.125"><span class='ocrx_word' id='word_1_398' title='bbox 2043 3636 2242 3701; x_wconf 84' lang='lat' dir='ltr'><strong>&#39;Huc</strong></span> <span class='ocrx_word' id='word_1_399' title='bbox 2276 3637 2558 3723; x_wconf 82' lang='lat' dir='ltr'><strong>denique</strong></span> <span class='ocrx_word' id='word_1_400' title='bbox 2593 3637 2842 3701; x_wconf 81' lang='lat' dir='ltr'><strong>faciunt</strong></span> <span class='ocrx_word' id='word_1_401' title='bbox 2880 3637 3074 3701; x_wconf 78' lang='lat' dir='ltr'><strong>&#39;numi</strong></span> <span class='ocrx_word' id='word_1_402' title='bbox 3109 3638 3490 3703; x_wconf 80' lang='lat' dir='ltr'><strong>Aemiliani·</strong></span> 
     </span>
    </p>
   </div>
   <div class='ocr_carea' id='block_1_13' title="bbox 1929 3739 3462 3827">
    <p class='ocr_par' dir='ltr' id='par_1_16' title="bbox 1929 3739 3462 3827">
     <span class='ocr_line' id='line_1_71' title="bbox 1929 3739 3462 3827; baseline 0.001 -25"><span class='ocrx_word' id='word_1_403' title='bbox 1929 3740 2035 3807; x_wconf 84' lang='lat' dir='ltr'><strong>·in</strong></span> <span class='ocrx_word' id='word_1_404' title='bbox 2075 3739 2283 3802; x_wconf 87' lang='lat' dir='ltr'><strong>Dacia</strong></span> <span class='ocrx_word' id='word_1_405' title='bbox 2348 3760 2497 3803; x_wconf 87' lang='lat' dir='ltr'><strong>cum</strong></span> <span class='ocrx_word' id='word_1_406' title='bbox 2559 3760 2729 3803; x_wconf 88' lang='lat' dir='ltr'><strong>anuo</strong></span> <span class='ocrx_word' id='word_1_407' title='bbox 2771 3740 2945 3808; x_wconf 79' lang='lat' dir='ltr'><strong>Vnt.</strong></span> <span class='ocrx_word' id='word_1_408' title='bbox 3009 3742 3282 3824; x_wconf 86' lang='lat' dir='ltr'><strong>signati,</strong></span> <span class='ocrx_word' id='word_1_409' title='bbox 3345 3744 3462 3827; x_wconf 74' lang='lat' dir='ltr'><strong>qui</strong></span> 
     </span>
    </p>
   </div>
   <div class='ocr_carea' id='block_1_14' title="bbox 1965 3840 3468 4443">
    <p class='ocr_par' dir='ltr' id='par_1_17' title="bbox 1965 3840 3468 4443">
     <span class='ocr_line' id='line_1_72' title="bbox 1967 3840 3461 3927; baseline 0.003 -23"><span class='ocrx_word' id='word_1_410' title='bbox 1967 3840 2276 3926; x_wconf 78' lang='lat' dir='ltr'><strong>congruit</strong></span> <span class='ocrx_word' id='word_1_411' title='bbox 2319 3860 2489 3902; x_wconf 86' lang='lat' dir='ltr'><strong>anno</strong></span> <span class='ocrx_word' id='word_1_412' title='bbox 2519 3842 2599 3905; x_wconf 92' lang='lat' dir='ltr'><strong>V.</strong></span> <span class='ocrx_word' id='word_1_413' title='bbox 2632 3842 2705 3903; x_wconf 93' lang='lat' dir='ltr'><strong>C.</strong></span> <span class='ocrx_word' id='word_1_414' title='bbox 2752 3861 2929 3923; x_wconf 83' lang='lat'><strong>¹007·</strong></span> <span class='ocrx_word' id='word_1_415' title='bbox 3022 3844 3092 3905; x_wconf 87' lang='lat' dir='ltr'><strong>Si</strong></span> <span class='ocrx_word' id='word_1_416' title='bbox 3136 3862 3300 3927; x_wconf 88' lang='lat' dir='ltr'><strong>ergo</strong></span> <span class='ocrx_word' id='word_1_417' title='bbox 3334 3847 3461 3907; x_wconf 80' lang='lat' dir='ltr'><strong>Ae-</strong></span> 
     </span>
     <span class='ocr_line' id='line_1_73' title="bbox 1967 3939 3467 4009; baseline 0.003 -6"><span class='ocrx_word' id='word_1_418' title='bbox 1967 3941 2273 4003; x_wconf 62' lang='lat' dir='ltr'><strong>milianus</strong></span> <span class='ocrx_word' id='word_1_419' title='bbox 2317 3941 2443 4003; x_wconf 85' lang='lat' dir='ltr'><strong>hoc</strong></span> <span class='ocrx_word' id='word_1_420' title='bbox 2501 3939 2715 4003; x_wconf 83' lang='lat' dir='ltr'><strong>adhuc</strong></span> <span class='ocrx_word' id='word_1_421' title='bbox 2753 3963 2921 4003; x_wconf 90' lang='lat' dir='ltr'><strong>anno</strong></span> <span class='ocrx_word' id='word_1_422' title='bbox 2973 3944 3159 4005; x_wconf 74' lang='lat' dir='ltr'><strong>vivus</strong></span> <span class='ocrx_word' id='word_1_423' title='bbox 3217 3959 3282 4008; x_wconf 89' lang='lat' dir='ltr'><strong>et</strong></span> <span class='ocrx_word' id='word_1_424' title='bbox 3334 3951 3467 4009; x_wconf 79' lang='lat' dir='ltr'><strong>Au-</strong></span> 
     </span>
     <span class='ocr_line' id='line_1_74' title="bbox 1967 4043 3462 4127; baseline 0.003 -22"><span class='ocrx_word' id='word_1_425' title='bbox 1967 4056 2196 4127; x_wconf 81' lang='lat' dir='ltr'><strong>gustus</strong></span> <span class='ocrx_word' id='word_1_426' title='bbox 2241 4063 2375 4104; x_wconf 89' lang='lat' dir='ltr'><strong>non</strong></span> <span class='ocrx_word' id='word_1_427' title='bbox 2402 4055 2725 4125; x_wconf 79' lang='lat' dir='ltr'><strong>repugnat</strong></span> <span class='ocrx_word' id='word_1_428' title='bbox 2763 4043 3132 4105; x_wconf 85' lang='lat' dir='ltr'><strong>consulatui</strong></span> <span class='ocrx_word' id='word_1_429' title='bbox 3164 4044 3462 4112; x_wconf 63' lang='lat' dir='ltr'><strong>Valeria«-</strong></span> 
     </span>
     <span class='ocr_line' id='line_1_75' title="bbox 1965 4142 3468 4227; baseline 0.003 -22"><span class='ocrx_word' id='word_1_430' title='bbox 1965 4142 2076 4219; x_wconf 86' lang='lat' dir='ltr'><strong>ni,</strong></span> <span class='ocrx_word' id='word_1_431' title='bbox 2120 4162 2336 4227; x_wconf 90' lang='lat' dir='ltr'><strong>neque</strong></span> <span class='ocrx_word' id='word_1_432' title='bbox 2385 4142 2840 4205; x_wconf 85' lang='lat' dir='ltr'><strong>&#39;l&#39;rebonianus</strong></span> <span class='ocrx_word' id='word_1_433' title='bbox 2886 4144 3013 4207; x_wconf 87' lang='lat' dir='ltr'><strong>hoc</strong></span> <span class='ocrx_word' id='word_1_434' title='bbox 3059 4166 3227 4208; x_wconf 84' lang='lat' dir='ltr'><strong>enno</strong></span> <span class='ocrx_word' id='word_1_435' title='bbox 3278 4148 3468 4210; x_wconf 73' lang='lat' dir='ltr'><strong>vitus</strong></span> 
     </span>
     <span class='ocr_line' id='line_1_76' title="bbox 1970 4243 3463 4329; baseline 0.002 -22"><span class='ocrx_word' id='word_1_436' title='bbox 1970 4259 2036 4307; x_wconf 85' lang='lat' dir='ltr'><strong>et</strong></span> <span class='ocrx_word' id='word_1_437' title='bbox 2071 4246 2405 4328; x_wconf 80' lang='lat' dir='ltr'><strong>Augustus</strong></span> <span class='ocrx_word' id='word_1_438' title='bbox 2437 4243 2649 4305; x_wconf 85' lang='lat' dir='ltr'><strong>eidem</strong></span> <span class='ocrx_word' id='word_1_439' title='bbox 2681 4244 3093 4329; x_wconf 84' lang='lat' dir='ltr'><strong>repugnabit.</strong></span> <span class='ocrx_word' id='word_1_440' title='bbox 3184 4246 3327 4308; x_wconf 84' lang='lat' dir='ltr'><strong>Etsi</strong></span> <span class='ocrx_word' id='word_1_441' title='bbox 3358 4269 3463 4310; x_wconf 72' lang='lat' dir='ltr'><strong>te·</strong></span> 
     </span>
     <span class='ocr_line' id='line_1_77' title="bbox 1968 4335 3459 4443; baseline 0.001 -32"><span class='ocrx_word' id='word_1_442' title='bbox 1968 4368 2087 4426; x_wconf 84' lang='lat' dir='ltr'><strong>ro,</strong></span> <span class='ocrx_word' id='word_1_443' title='bbox 2132 4335 2307 4433; x_wconf 53' lang='lat' dir='ltr'><strong>{guod</strong></span> <span class='ocrx_word' id='word_1_444' title='bbox 2354 4344 2439 4407; x_wconf 80' lang='lat' dir='ltr'><strong>ad</strong></span> <span class='ocrx_word' id='word_1_445' title='bbox 2485 4345 2985 4430; x_wconf 83' lang='lat' dir='ltr'><strong>chronologiam</strong></span> <span class='ocrx_word' id='word_1_446' title='bbox 3036 4347 3305 4443; x_wconf 75' lang='lat' dir='ltr'><strong>attinet,</strong></span> <span class='ocrx_word' id='word_1_447' title='bbox 3346 4373 3459 4437; x_wconf 76' lang='lat' dir='ltr'><strong>pa-</strong></span> 
     </span>
    </p>
   </div>
   <div class='ocr_carea' id='block_1_15' title="bbox 385 4532 3463 4573">
    <p class='ocr_par' dir='ltr' id='par_1_18' title="bbox 385 4532 3463 4573">
     <span class='ocr_line' id='line_1_78' title="bbox 385 4532 3463 4573; baseline 0.001 -10"><span class='ocrx_word' id='word_1_448' title='bbox 385 4532 3463 4573; x_wconf 46' lang='lat' dir='ltr'><strong>muudum—mm</strong></span> 
     </span>
    </p>
   </div>
   <div class='ocr_carea' id='block_1_16' title="bbox 443 4666 1705 4748">
    <p class='ocr_par' dir='ltr' id='par_1_19' title="bbox 443 4666 1705 4748">
     <span class='ocr_line' id='line_1_79' title="bbox 443 4666 1705 4748; baseline 0 -16"><span class='ocrx_word' id='word_1_449' title='bbox 443 4675 505 4748; x_wconf 77' lang='grc' dir='ltr'><strong>ι)</strong></span> <span class='ocrx_word' id='word_1_450' title='bbox 546 4672 685 4735; x_wconf 81' lang='lat' dir='ltr'><strong>Cri.</strong></span> <span class='ocrx_word' id='word_1_451' title='bbox 731 4672 945 4733; x_wconf 81' lang='lat' dir='ltr'><strong>Batou.</strong></span> <span class='ocrx_word' id='word_1_452' title='bbox 982 4666 1063 4729; x_wconf 72' lang='lat' dir='ltr'><strong>sd</strong></span> <span class='ocrx_word' id='word_1_453' title='bbox 1093 4666 1171 4732; x_wconf 75' lang='lat' dir='ltr'><strong>V.</strong></span> <span class='ocrx_word' id='word_1_454' title='bbox 1212 4668 1279 4729; x_wconf 88' lang='lat' dir='ltr'><strong>C.</strong></span> <span class='ocrx_word' id='word_1_455' title='bbox 1322 4670 1477 4734; x_wconf 80' lang='lat'><strong>1006.</strong></span> <span class='ocrx_word' id='word_1_456' title='bbox 1517 4689 1579 4729; x_wconf 84' lang='lat' dir='ltr'><strong>u.</strong></span> <span class='ocrx_word' id='word_1_457' title='bbox 1623 4676 1705 4732; x_wconf 54' lang='lat' dir='ltr'><strong>tt·</strong></span> 
     </span>
    </p>
   </div>
   <div class='ocr_carea' id='block_1_17' title="bbox 1853 4660 3257 4748">
    <p class='ocr_par' dir='ltr' id='par_1_20' title="bbox 1853 4660 3257 4748">
     <span class='ocr_line' id='line_1_80' title="bbox 1853 4660 3257 4748; baseline 0.004 -19"><span class='ocrx_word' id='word_1_458' title='bbox 1853 4670 1920 4748; x_wconf 72' lang='lat' dir='ltr'><strong>b)</strong></span> <span class='ocrx_word' id='word_1_459' title='bbox 1961 4660 2132 4728; x_wconf 69' lang='lat' dir='ltr'><strong>litem.</strong></span> <span class='ocrx_word' id='word_1_460' title='bbox 2166 4670 2230 4727; x_wconf 71' lang='lat' dir='ltr'><strong>B.</strong></span> <span class='ocrx_word' id='word_1_461' title='bbox 2273 4668 2338 4730; x_wconf 81' lang='lat' dir='ltr'><strong>L.</strong></span> <span class='ocrx_word' id='word_1_462' title='bbox 2377 4668 2548 4731; x_wconf 83' lang='lat' dir='ltr'><strong>Tom.</strong></span> <span class='ocrx_word' id='word_1_463' title='bbox 2587 4667 2860 4731; x_wconf 80' lang='lat' dir='ltr'><strong>XXVIII.</strong></span> <span class='ocrx_word' id='word_1_464' title='bbox 2900 4687 2960 4744; x_wconf 84' lang='lat' dir='ltr'><strong>p.</strong></span> <span class='ocrx_word' id='word_1_465' title='bbox 2995 4666 3124 4734; x_wconf 77' lang='lat'>606=</span> <span class='ocrx_word' id='word_1_466' title='bbox 3208 4736 3257 4747; x_wconf 47' lang='lat'><strong>,-</strong></span> 
     </span>
    </p>
   </div>
   <div class='ocr_carea' id='block_1_18' title="bbox 2853 4758 3062 4825">
    <p class='ocr_par' dir='ltr' id='par_1_21' title="bbox 2853 4758 3062 4825">
     <span class='ocr_line' id='line_1_81' title="bbox 2853 4758 3062 4825; baseline 0.005 -1"><span class='ocrx_word' id='word_1_467' title='bbox 2853 4758 2975 4825; x_wconf 76' lang='lat' dir='ltr'><strong>Z&#39;z</strong></span> <span class='ocrx_word' id='word_1_468' title='bbox 3023 4782 3062 4825; x_wconf 70' lang='grc' dir='ltr'>α</span> 
     </span>
    </p>
   </div>
  </div>
 </body>
</html>
