4475 5584
1729 487 2076 568 GETA.

1836 700 1841 705 ·
1966 675 2161 771 atque
2206 671 2404 738 etiam
2454 670 2768 756 deinceps
2812 689 3056 737 nomen
3087 668 3266 741 istud
3304 694 3472 744 non-

880 672 1304 753 ‚No'mi'nm

485 882 1076 973 Lucae‘uQPubh'm.
1120 883 1288 950 Inde*
1313 905 1351 947 a
1385 879 1747 947 Commodo
1767 878 1859 945 al·

364 1016 580 1065 terum
624 994 758 1060 hoe
792 991 859 1055 in
915 988 1081 1055 Geta
1117 986 1494 1071 exemplum
1542 983 1860 1047 habemus

363 1096 751 1165 variantium
802 1091 1323 1180 praenominum.
1367 1085 1564 1148 Ratio
1599 1083 1665 1147 in
1692 1084 1861 1147 Geta

362 1222 495 1268 n‘on
534 1201 690 1265 satis
729 1192 1073 1279 expedi'ta3
1116 1211 1263 1253 nam
1298 1184 1573 1251 difficile
1608 1198 1730 1264 est,
1777 1204 1862 1248 ex

365 1300 583 1367 numia
622 1300 855 1363 saltem
888 1291 1233 1359 commatis
1272 1286 1557 1355 Romani
1590 1286 1862 1363 elicere,

365 1405 538 1467 sitne
575 1399 812 1465 eodem
844 1389 1151 1478 tempore
1174 1390 1551 1475 promiscue
1582 1401 1863 1474 utroque

363 1500 796 1591 praenomine
839 1516 1032 1569 usus,
1076 1514 1158 1556 an
1202 1489 1547 1576 repudiato
1592 1508 1865 1575 praeno·

365 1604 547 1668 mine
596 1600 824 1674 Lucii,
894 1593 1073 1680 quod
1123 1593 1314 1659 initio
1367 1590 1708 1676 proprium
1756 1589 1869 1652 ha-

366 1705 534 1781 buit,
578 1693 961 1767 adulterum
980 1698 1196 1760 Pubm
1228 1691 1642 1767 transiverit3
1689 1690 1869 1777 quod

292 1860 297 1865 .
373 1802 678 1891 expediri
708 1801 823 1868 vix
839 1800 1105 1884 poterit,
1127 1794 1431 1881 quoniam
1458 1794 1638 1857 numi
1658 1792 1866 1857 Getae

371 1921 526 1970 ante
558 1904 702 1988 ejus
752 1900 1160 1966 consulatum
1192 1896 1429 1982 signati
1470 1894 1652 1957 notis
1676 1893 1871 1958 chro-

372 2004 700 2091 nologicis
777 1998 1237 2093 destituuntur,
1332 1996 1517 2061 Istud
1588 2008 1866 2072 eertum,

369 2108 527 2171 inde
555 2104 638 2171 ab
677 2121 851 2168 anno
880 2102 961 2169 V.
994 2101 1069 2164 C.
1102 2099 1228 2181 958
1262 2096 1390 2178 iam
1425 2097 1688 2182 penitus
1721 2118 1872 2183 sup·

374 2227 667 2293 pressam
704 2206 896 2267 Lucii
920 2199 1451 2285 appellationem.
1493 2199 1580 2264 At
1613 2211 1870 2263 exstant

354 2307 557 2373 ‚numi
594 2306 872 2380 Graeci,
930 2300 1049 2387 qui
1077 2315 1430 2385 utrumque
1460 2301 1868 2384 'praenomen

382 2409 808 2492 conjungunt.
895 2402 1007 2466 sic
1061 2400 1131 2463 in
1192 2399 1366 2463 binis
1426 2400 1643 2464 n'umis
1703 2399 1871 2464 inte-

379 2507 688 2595 gerrimis
720 2508 1221 2569 Neocaesareae
1246 2501 1446 2565 Ponti
1490 2501 1659 2586 apud
1695 2502 1871 2584 Hay·

376 2608 581 2674 mium
611 2608 670 2685 is
703 2604 986 2677 «linitura
1032 2599 1125 2667 A.
1171 2599 1263 2664 n.
1302 2600 1511 2669 cen.
1543 2598 1870 2668 PETAC.

373 2709 620 2775 KAIC.
650 2709 738 2790 ⁸).
803 2707 879 2769 In
911 2704 1046 2768 alio
1083 2702 1313 2786 Gythii
1344 2703 1671 2769 Laconiae
1706 2704 1879 2790 apud

375 2807 851 2897 Pelleriuiumt
901 2798 1119 2868 ΛΟΤ.
1147 2799 1237 2866 Π.
1283 2790 1607 2869 rET’Ac.
1639 2801 1706 2883 b)
1753 2827 1879 2890 qua
1912 2876 1922 2885 ‚

380 2914 450 2975 in
476 2932 668 2977 causa
691 2906 964 2972 difficile
981 2924 1141 2969 sane
1177 2919 1277 2969 est
1297 2904 1623 2971 arbitrari.
1664 2906 1881 2970 Forte

356 3010 717 3099 ‘placuitin
750 3027 902 3072 eum
934 3024 1300 3092 congerere
1326 3021 1676 3093 utrumque
1691 3028 1883 3094 prae-

380 3133 624 3177 nomen
650 3156 671 3190 ,
734 3130 1013 3197 quorum
1052 3130 1251 3172 unum
1289 3107 1483 3174 Lucii
1512 3107 1878 3192 fuitpatris

385 3213 654 3295 Severi,
744 3213 1025 3275 alterum
1079 3208 1303 3273 Publii
1362 3210 1580 3294 patrui
1600 3254 1620 3286 ,
1691 3209 1878 3294 cujus

381 3312 551 3378 Geta
587 3326 812 3379 noster
844 3309 1061 3375 omnia
1084 3310 1351 3375 nomina
1385 3310 1634 3389 habuit,
1679 3331 1879 3397 quem

384 3433 625 3499 nempe
707 3433 999 3476 marmor
1081 3410 1483 3497 Gortynium
1556 3411 1877 3496 appellat:

387 3511 901 3578 ΠΟΤΒΛῙΟΝ.
1049 3498 1614 3578 ΟΕΠΤΙΜῙΟΝ.
1735 3506 1885 3574 ΓΕ-

391 3614 610 3680 TAN.
649 3616 731 3698 c).
809 3614 1465 3700 Ceterum·geminati
1515 3615 1889 3698 praenomi-

388 3719 491 3783 nis
534 3718 605 3781 in
657 3737 791 3782 uno
844 3715 1211 3801 eodemque
1256 3715 1527 3779 homine
1578 3717 1913 3800 exmpla·

391 3820 581 3904 plura
617 3837 697 3881 ex
732 3817 1171 3882 marmoribus
1207 3817 1487 3883 eontulit
1519 3816 1882 3905 diligentis·

396 3920 598 3982 simus
626 3916 943 3981 Marinius
974 3916 1062 3997 d).

524 4023 702 4084 Pius.
746 4019 1074 4117 Quamdiu
1109 4020 1353 4084 Caesar
1378 4034 1556 4097 erat,
1608 4020 1738 4085 hoe
1771 4042 1887 4086 no·
1926 4046 1941 4053 ·

395 4121 574 4185 mine
625 4120 972 4198 abstinuit,
1038 4144 1209 4185 mox·
1240 4143 1368 4186 una
1410 4142 1561 4188 eum
1607 4124 1888 4208 Augusti

396 4220 663 4287 nomine
696 4223 1009 4307 suscepit.
1050 4223 1206 4288 Fuit
1233 4236 1389 4289 sane
1415 4223 1545 4307 hoe
1564 4236 1887 4310 tempore,

470 4610 535 4678 a)
573 4604 739 4664 Tom.
774 4606 849 4664 11.
884 4626 945 4684 p.
972 4616 1098 4672 335.

401 4698 464 4768 e)
502 4693 561 4753 in
600 4693 860 4755 Macrino
900 4712 952 4755 e.
982 4705 1037 4762 ὃ.

1186 4695 1240 4771 s)
1280 4696 1419 4772 Pag-
1457 4696 1582 4763 257.
1617 4703 1669 4756 2.

1334 4992 1369 5013 q

1666 5040 1705 5067 A

3296 507 3472 578 235-

1964 777 2097 844 nisi
2129 774 2447 863 Angustia
2483 774 2849 859 proprium.

2095 915 2485 981 daminus.
2547 910 2652 975 Ab
2679 910 2866 1001 *ipsis
2904 913 3240 980 veteribus
3284 915 3471 982 dubi-

1971 1002 2218 1095 tatum,
2300 1027 2521 1080 utrum
2565 1010 2776 1078 Getae
2838 1014 3154 1079 Antonini
3226 1037 3473 1105 nomen

1973 1119 2218 1195 fuerit,
2288 1127 2364 1180 ut
2407 1113 2749 1200 colligitur
2808 1135 2892 1178 ex
2941 1117 3288 1201 Spartiano
3348 1121 3471 1185 sub

1975 1211 2451 1285 initium·vi'xae
2505 1204 2733 1281 Getae.
2803 1216 3134 1284 Continuo
3183 1208 3470 1304 probare

1977 1321 2247 1406 copiose
2297 1314 2616 1395 instituit,
2700 1339 2854 1383 eum
2902 1340 3164 1407 quoque
3225 1322 3477 1388 dietum

1978 1419 2420 1499 Antoninum,
2482 1419 2662 1506 quod
2706 1434 2773 1486 et
2827 1421 3076 1484 diserte
3124 1422 3480 1507 profitetur

1981 1519 2399 1607 Capitolinus
2420 1518 2502 1599 ο).
2544 1522 2742 1585 Numi
2771 1522 2938 1587 hane
2965 1523 3474 1607 appellationem

1982 1608 2333 1708 ignorant(
2412 1620 2754 1686 Gruterus
2791 1646 2942 1708 pag.
2999 1627 3141 1706 ¹57·
3198 1638 3480 1710 quatuor

1983 1725 2216 1790 ordine
2263 1706 2591 1787 marmora
2645 1724 2940 1809 profert,
3018 1726 3187 1811 quae
3243 1726 3477 1791 Getam

1979 1825 2385 1890 Antoninum
2423 1823 2685 1903 dieunt,
2731 1822 2850 1888 sed
2884 1824 2987 1903 iis,
3032 1840 3178 1891 utut
3214 1828 3474 1893 sineera

1979 1924 2284 2012 profiteri
2318 1923 2599 1988 velimus
2620 1930 2648 2004 ‚‘
2685 1924 2894 1993 nolim
2926 1947 3187 1992 omnem
3225 1928 3482 1994 habere

1981 2024 2203 2091 fidem.
2238 2080 2243 2085 .
2278 2023 2450 2093 Vide
2498 2024 2691 2090 etiam
2717 2069 2735 2104 ,
2793 2046 2960 2112 quae
3001 2026 3070 2091 in
3115 2030 3487 2117 Elagabalo

1985 2129 2069 2195 ad
2096 2148 2339 2192 nomen
2377 2127 2697 2192 Antonini
2726 2129 2992 2196 notabo.

2109 2270 2404 2333 Senem.
2465 2266 2538 2332 Si
2568 2262 2736 2330 fides
2777 2269 3088 2343 marmori
3115 2269 3486 2355 Hkpanieo

1982 2369 2159 2454 apud
2209 2366 2569 2434 Gruterum
2611 2365 2698 2449 ἱ),
2766 2368 3002 2435 Severi
3046 2390 3311 2456 quoque
3367 2393 3485 2436 no·
3523 2420 3542 2426 -

1983 2491 2135 2534 men
2186 2469 2446 2548 habuit,
2507 2468 2628 2549 sed
2665 2468 2841 2534 istud
2877 2470 3017 2535 'alia
3059 2488 3488 2538 monumenta

1987 2560 2418 2635 dissimulant.

2121 2703 2521 2764 Hadrianus.
2581 2700 2651 2761 In
2686 2719 2885 2763 numo
2919 2701 3000 2764 ab
3031 2701 3378 2768 Iliensibus
3404 2703 3492 2767 si·

1994 2813 2217 2885 gnato,
2251 2812 2333 2862 ut
2360 2812 2594 2864 auctor
2618 2814 2719 2864 est
2736 2798 3137 2868 Pellerinius
3165 2805 3263 2886 8),
3307 2805 3488 2887 juxta

1993 2899 2202 2965 Getae
2236 2904 2430 2986 caput
2473 2901 2760 2987 legitur=
2814 2897 2907 2964 Π.
2955 2899 3229 2971 CGIIT.
3283 2903 3488 2969 AAP.

1990 3000 2323 3067 PeTAc.
2357 2999 2543 3078 KA„
2589 3023 2723 3089 quo
2757 3002 2996 3082 confit,
3041 3006 3248 3070 Getae
3285 3009 3487 3073 etiam

1991 3108 2323 3171 Hadriani
2353 3104 2594 3168 nomen
2633 3103 2858 3168 fuisse.
2923 3106 3307 3193 suspicatur
3338 3110 3492 3174 Pet·

1991 3207 2306 3284 lerinius,
2364 3225 2632 3270 numum
2681 3206 2857 3271 hune
2884 3230 3017 3273 non
3065 3209 3148 3273 ad
3186 3223 3488 3276 nostrum
3533 3230 3538 3235 ·

1958 3307 2269 3409 §Getam,
2353 3313 2471 3377 sed
2530 3313 2811 3376 alterum
2875 3311 3159 3398 aliquem
3213 3317 3494 3376 Hadria·

1989 3431 2141 3474 num
2210 3417 2473 3492 Getam,
2571 3400 2945 3480 Caraeallae
3028 3435 3112 3478 ex
3174 3415 3488 3480 Plautille

1995 3509 2173 3577 forte
2263 3512 2476 3580 filium
2563 3536 2761 3600 posse
2831 3514 3192 3600 pertinere.
3277 3519 3493 3603 Argu·

1994 3629 2234 3691 menta,
2280 3636 2447 3701 quae
2482 3616 2738 3694 adfert,
2780 3616 2974 3684 valde
3016 3630 3166 3683 suut
3208 3616 3489 3694 infirma,

1994 3728 2062 3779 et
2104 3714 2266 3781 solis
2308 3717 2668 3783 Froeliehii
2728 3719 3160 3803 coniecturis,
3227 3719 3348 3786 sed
3388 3720 3495 3785 his

1993 3834 2257 3901 quoque
2297 3816 2613 3895 infirmis,
2655 3818 2850 3897 nixa,
2914 3840 3073 3905 quas
3114 3820 3246 3903 jam
3296 3842 3494 3907 supra

1994 3916 2067 3980 in
2137 3917 2368 3982 liberis
2443 3918 2796 3984 Plautillae
2853 3921 3166 3986 refutati.
3285 3920 3495 3985 Dubi-

1997 4019 2126 4083 tari
2169 4038 2333 4103 ergo
2376 4020 2640 4105 nequit,
2681 4020 2874 4085 Jmne
2919 4041 3183 4107 quoque
3218 4043 3497 4087 numum

2000 4140 2148 4185 esse
2194 4118 2403 4183 Getae
2461 4122 2695 4186 Severi
2746 4120 2910 4199 filii,
2961 4142 3332 4208 nomenque
3392 4123 3500 4187 illi

2000 4219 2323 4286 Hadriani
2370 4242 2407 4286 a
2445 4236 2633 4305 patre
2666 4220 2923 4303 datum,
2985 4224 3100 4310 qui
3140 4243 3212 4287 se
3239 4241 3363 4307 per
3409 4224 3499 4287 ri-
3583 4208 3594 4229 ⁰

1228 4605 1299 4680 b)
1340 4602 1477 4663 Mel.
1512 4603 1584 4662 11.
1623 4624 1683 4680 p.
1721 4588 1845 4670 160.
1956 4607 2018 4680 c)
2057 4606 2295 4666 Gruter.
2334 4628 2396 4685 p.
2437 4620 2598 4685 ¹099·
2629 4621 2680 4673 7·
2789 4570 2876 4682 xd)
2910 4608 3066 4671 Frat.
3108 4625 3227 4670 arv.
3266 4614 3327 4686 p:
3364 4617 3498 4676 234„

1792 4698 1884 4774 ‘g)
1923 4695 2061 4758 Rae.
2095 4696 2194 4758 111.
2234 4715 2296 4773 p.
2329 4695 2492 4761 xm.

2873 4824 3285 4939 ng.'
