4475 5584
1249 431 1976 512 ANTONINVS
2075 434 2380 510 PIVS.

407 628 749 691 Grassante
784 626 1037 687 Romae
1063 608 1249 708 pes‘te
1269 621 1450 684 missi
1478 619 1764 703 Epidau·-

295 751 423 795 rum
438 728 649 813 -legati
671 772 688 803 ,
733 727 845 811 qui
879 723 1339 809 Aesculapium
1358 723 1512 784 inde
1546 741 1761 784 arces-

295 845 509 896 serent.
557 830 789 892 Paruit
824 828 880 890 is
902 872 919 903 ,
965 841 1156 912 atque
1189 825 1511 910 serpentis
1536 823 1759 906 specie

293 954 496 998 eorum
512 932 855 994 triremem
892 929 1065 991 ultro
1103 926 1504 1001 conscendit,
1541 925 1762 987 invec-

290 1038 501 1120 tusque
534 1031 857 1105 Tiberim,
905 1051 1051 1094 cum
1087 1028 1170 1093 ad
1188 1028 1464 1090 insulam
1491 1040 1760 1091 ventum

294 1149 482 1212 esset,
525 1157 720 1220 qnam
758 1133 827 1194 in
865 1132 1003 1215 ipsa
1046 1129 1214 1192 urbe
1247 1126 1495 1190 flumen
1531 1126 1757 1204 efficit,

288 1238 499 1301 ineam
536 1237 839 1310 tranavit,
874 1253 1004 1318 quo
1031 1233 1182 1294 loco
1217 1232 1280 1294 ei
1312 1251 1464 1294 mox
1499 1242 1761 1312 sumptu

286 1340 532 1423 publico
598 1333 1009 1400 aedificatum
1075 1334 1413 1417 templum.
1486 1332 1758 1393 Factum

287 1441 445 1504 istud
477 1460 648 1503 anno
684 1440 770 1506 V.
809 1439 881 1500 C.
931 1434 1082 1510 463.
1122 1435 1293 1503 Vide
1331 1433 1643 1499 Ovidium
1675 1432 1759 1510 ⁸),

289 1544 421 1608 val.
449 1542 807 1605 Maximum
842 1536 947 1616 ¹²),
984 1539 1299 1621 aliosque.
1346 1536 1556 1631 Quam
1575 1552 1763 1616 prae-

288 1644 443 1710 clara
485 1642 811 1728 Epidauri
865 1661 1064 1725 opera
1112 1637 1353 1700 honori
1385 1633 1760 1718 Aesculapii

286 1744 624 1809 fabricatus
656 1744 857 1806 suerit
883 1740 1250 1804 Antoninus
1280 1750 1511 1800 noster
1547 1735 1759 1798 adhuc

287 1846 638 1909 senatorius
663 1889 680 1919 ,
727 1842 1051 1906 enarravit
1086 1840 1436 1903 Pausanias
1466 1838 1548 1921 ⁸³).
1590 1836 1765 1906 Vide

290 1954 346 2009 ‘et
361 1947 575 2032 paullo
594 1959 747 2030 post
769 1945 967 2007 alium
987 1941 1364 2027 Aesculapii
1378 1960 1670 2002 numum.

502 2136 515 2153 ⁸
550 2154 800 2214 Antion
844 2152 1112 2211 incerta.

283 2256 429 2317 Sine
461 2254 828 2334 epiqmphe.
871 2252 1157 2330 Iuppiter
1180 2252 1405 2311 sedens
1435 2250 1769 2309 adsidente

284 2376 322 2417 a
361 2358 647 2417 dexter-it
691 2354 1022 2426 Mt'nerva,
1083 2372 1127 2412 a
1170 2353 1457 2412 siuistris
1501 2352 1766 2413 Iunone.

281 2457 409 2521 ΔΕ.
434 2477 604 2519 max.
644 2452 821 2516 mod.
857 2453 1062 2532 (Mus.
1094 2452 1275 2535 regis
1315 2451 1619 2530 Galliar.)

548 2555 1090 2622 ANTONINVS.
1119 2553 1321 2619 AVG.
1339 2554 1558 2620 PIVS.
1594 2554 1672 2617 P.
1690 2552 1767 2614 P.

558 2662 769 2738 Caput
799 2660 1177 2719 laureatum.

282 2760 458 2827 COS.
492 2763 609 2823 111.
660 2759 727 2822 S.
762 2760 837 2821 C.
888 2761 1137 2841 Aquila
1173 2769 1358 2820 stane
1390 2763 1691 2821 adstante
1721 2778 1767 2819 a

280 2867 551 2927 dexteris
598 2872 874 2935 noctua,
933 2881 977 2921 a
1004 2863 1290 2923 sinistris
1307 2880 1582 2942 pavone.
1625 2860 1765 2924 ΑΕ.

283 2966 383 3028 111.
429 2966 635 3043 (Mus.
668 2960 889 3042 Caes.)

392 3070 542 3130 Non
576 3076 850 3148 repeto,
897 3083 1064 3147 quae
1094 3061 1178 3125 de
1209 3077 1364 3146 typo
1412 3063 1610 3126 simili
1652 3064 1768 3126 tri-

278 3191 381 3232 um
430 3164 759 3232 cellarum
801 3165 867 3226 in
909 3167 1156 3250 templo
1191 3167 1364 3231 Iovis
1393 3164 1765 3253 Capitolini,

54 3276 57 3327 >
279 3269 339 3329 in
376 3267 615 3359 quibus
661 3268 790 3329 tria
834 3265 999 3330 haec
1054 3267 1318 3329 numina
1365 3268 1765 3352 prostabant,

277 3384 341 3432 et
372 3368 697 3433 stantibus
714 3369 782 3430 in
813 3389 1013 3431 numo
1034 3369 1242 3433 altero
1261 3369 1496 3433 eodem
1533 3364 1766 3435 ordine
1869 3408 1879 3421 ·

54 3438 57 3565 ὲ
276 3471 531 3535 amalis
558 3471 827 3535 antibus
864 3469 1000 3532 dixi
1028 3470 1097 3532 in
1126 3472 1343 3534 numia
1385 3473 1770 3557 vespasiani

275 3595 414 3659 pag.
456 3574 646 3651 328„
706 3571 821 3634 ubi
889 3586 956 3636 et
1001 3574 1448 3649 narravimus,
1507 3574 1768 3638 illustre

275 3675 397 3739 hoc
427 3688 891 3760 argumentum
923 3672 991 3735 in
1024 3673 1304 3737 aliorum
1333 3677 1526 3739 etiam
1549 3678 1771 3764 Augu-

277 3790 521 3841 storum
555 3790 884 3841 monetam
914 3773 1120 3839 fuisse
1148 3791 1479 3845 vocatum.
1549 3780 1767 3843 Etiam

54 3956 57 3975 .
272 3899 502 3943 numus
578 3899 752 3944 max.
808 3877 1102 3953 formae,
1178 3878 1247 3939 in
1309 3878 1495 3961 cujus
1555 3882 1769 3947 antica

54 3982 57 4079 J
276 3995 416 4045 Sunt
456 3982 677 4067 capita
715 3984 812 4045 Μ.
845 3978 1099 4042 Aurelii
1136 3993 1203 4042 et
1254 3982 1330 4041 L·
1367 3982 1565 4058 Veri,
1592 4003 1767 4063 ‘eun-

54 4092 57 4105 '
278 4081 421 4146 dem
469 4098 705 4169 typum
756 4082 953 4149 offert
985 4075 1050 4164 d)
1070 4123 1089 4155 ‚
1133 4093 1273 4145 tum
1320 4096 1390 4146 et
1434 4085 1602 4150 alius
1635 4089 1768 4151 Ha·

278 4184 481 4251 driani
514 4190 603 4272 ιΞ).

379 4513 437 4581 a)
475 4512 717 4574 fletam.
750 4514 889 4579 XV.
926 4516 1058 4579 622.
1110 4454 1129 4465 ²
1230 4512 1301 4588 b)
1338 4513 1403 4574 L.
1438 4513 1477 4574 l.
1512 4534 1561 4575 c.
1599 4525 1649 4579 8·

279 4600 337 4672 e)
370 4602 523 4661 Mus.
554 4600 797 4665 Albani.
964 4604 1021 4677 f)
1056 4603 1124 4663 1..
1155 4603 1238 4668 V.
1275 4625 1326 4664 c.
1361 4618 1458 4677 70.

284 4687 342 4747 Ι..
372 4691 475 4753 XI.
504 4714 572 4772 p.
603 4701 731 4769 491.
877 4694 930 4772 i)
964 4696 1029 4758 L.
1063 4695 1139 4758 11.
1176 4715 1227 4755 c.
1262 4707 1354 4763 27.

467 4809 657 4892 (Vol.
706 4811 885 4892 VII.)

1618 4608 1685 4684 g)
1722 4601 1802 4662 ad
1834 4510 2392 4684 glksslhgssssin
2429 4600 2551 4662 Iov.
2581 4619 2634 4660 v.
2663 4607 2756 4676 49.

1503 4697 1574 4770 lt)
1609 4695 1676 4755 L.
1705 4694 1778 4757 11.
1818 4712 1872 4755 c.
1904 4695 1994 4758 26.

3272 457 3375 519 53

2390 625 2456 683 N
2468 641 2585 681 nm
2605 620 2634 680 ἰ
2674 643 2715 683 α
2737 624 2807 682 [ἰ
2822 624 2858 681 ί

1934 725 2214 787 maximi
2249 725 2497 784 moduli
2524 724 2902 802 n'nsiyniorae'a
2937 727 3325 803 aryumemt'.

2157 823 2691 888 ANTONINVS.
2726 824 2927 889 AVG.
2958 826 3270 889 PIVS.P.
3293 828 3378 888 P.

2163 929 2305 987 ΤΒ.
2346 929 2420 986 Ρ.
2463 926 2652 989 COS.
2683 927 3005 989 111.1MP.
3041 928 3122 991 11.
3174 928 3385 1006 caput

2158 1033 2418 1091 nudum.
2871 1072 2882 1085 .

1876 1130 2050 1203 Sine⁴
2068 1134 2425 1212 epe‘yrapke.
2473 1133 2733 1194 neella-2
2746 1135 2954 1193 nudus
2968 1151 3199 1209 caprae
3214 1135 3381 1193 imi*

1876 1238 2052 1308 dens,
2083 1238 2293 1312 juxta
2318 1256 2462 1309 ara,
2509 1237 2752 1316 aquila,
2786 1236 2993 1295 arbor.
3043 1235 3376 1294 AEanax.

1877 1333 2061 1398 mod.
2100 1337 2306 1425 (Mus.
2359 1334 2664 1414 Farnes.)

2006 1440 2228 1520 Typus
2286 1436 2414 1498 rite
2469 1437 2835 1520 explicatur
2883 1457 2963 1499 ex
2997 1437 3212 1498 numia
3265 1459 3368 1499 ar-

1879 1537 2132 1622 genteis
2194 1538 2509 1614 Gallieni,
2588 1537 2859 1621 ejusque
2920 1537 3206 1599 familiae
3227 1581 3244 1612 ‚
3297 1537 3374 1598 im

1878 1639 2112 1724 quibus
2145 1637 2322 1719 juxta
2342 1618 2634 1722 puellum
2672 1640 2952 1701 similem
2972 1639 3372 1702 insidentem

1877 1761 2110 1825 caprae
2123 1741 2388 1826 degitur
2417 1741 2623 1807 lovi.
2646 1742 3158 1816 CRESCEN'm,
3188 1728 3380 1804 nem-r

1877 1863 1964 1929 pe
2008 1863 2244 1927 caprae
2292 1841 2620 1904 beneficio
2659 1842 2761 1905 lac
2812 1842 3225 1926 praebentis,
3287 1864 3374 1905 ex

1881 1965 2012 2032 quo
2042 1947 2264 2008 Iovem
2302 1945 2698 2041 appellatum
2726 1943 3074 2027 Αιτγιοχον,
3119 1969 3163 2009 a
3204 1949 3375 2009 lacte

1879 2050 2190 2108 nutritum
2222 2046 2418 2109 tradit
2447 2045 2781 2109 Diodorus
2817 2043 2868 2126 s)
2889 2092 2907 2124 ,
2956 2047 3037 2109 de
3066 2068 3195 2132 quo
3229 2048 3382 2132 pluv

1881 2172 1952 2211 ra
1985 2163 2052 2211 te
2074 2148 2340 2237 docebit
2372 2168 2662 2210 summus
2689 2147 2792 2210 vir
2818 2148 3250 2231 spanhemius
3285 2149 3372 2229 s).

1882 2250 2088 2313 Adest
2113 2250 2352 2335 aquila·
2377 2234 2515 2311 sive
2532 2254 2953 2327 προληπτικως
2984 2248 3062 2310 ad
3082 2249 3369 2314 indican-
3423 2236 3428 2243 ⁶

1885 2353 2037 2414 dum
2075 2352 2319 2415 certius
2354 2351 2614 2425 Iovem,
2676 2350 2815 2412 sive
2850 2348 3029 2435 quod
3069 2350 3232 2417 haec
3275 2354 3386 2416 Io·-

1881 2455 1950 2520 vi
1979 2453 2211 2517 infanti
2245 2464 2473 2515 nectar
2501 2451 2718 2513 attulit
2748 2446 2846 2533 ¹²).

2613 2550 2653 2591 ο

2450 2595 2489 2634 ι
2778 2595 2818 2634 ι

2162 2654 2696 2722 ANTONINVS.
2729 2654 2930 2723 AVG.
2961 2657 3108 2725 PIV
3112 2657 3180 2721 S.
3200 2660 3276 2724 P.
3290 2657 3384 2723 P.

2167 2763 2307 2822 ΤΒ.
2336 2760 2411 2819 Ρ.
2450 2756 2640 2821 COS.
2680 2758 2822 2819 1111.
2889 2761 3091 2837 Caput
3119 2762 3386 2839 lauteq-

2166 2874 2321 2925 ἡαπ.
3229 2927 3248 2933 ,

1882 2969 2043 3030 Sine
2095 2969 2457 3047 epz‘qraplte.
2538 2965 2964 3042 Aesculapius
3015 2966 3241 3026 sedens
3286 2969 3393 3025 ad·

1881 3090 2064 3132 aram
2094 3069 2161 3129 d.
2204 3078 2500 3146 pateram
2518 3112 2535 3143 ,
2582 3089 2633 3129 s.
2672 3068 2965 3129 baculum
2996 3084 3180 3128 suum
3199 3110 3216 3141 ,
3253 3084 3376 3144 pro

1872 3155 2141 3250 pedibus
2172 3171 2356 3230 canis
2378 3214 2394 3244 ,
2439 3173 2662 3231 adstat
2691 3170 2908 3249 Hyyia
2944 3171 3095 3230 item
3136 3171 3390 3248 sacrifi--

1882 3293 2058 3335 cans.
2101 3271 2243 3333 ΑΕ.
2286 3291 2454 3334 max.
2487 3270 2661 3333 mod.
2711 3272 2912 3351 (Mus.
2946 3271 3249 3349 Fames.)

2008 3374 2099 3442 Vt
2128 3371 2503 3457 Aesculapii
2552 3373 2807 3456 signum
2837 3373 2905 3433 in
2960 3386 3187 3436 vetere
3239 3392 3380 3435 mo·

1883 3487 2034 3536 neta
2074 3474 2549 3559 perfrequens,
2611 3475 2699 3536 ita
2739 3469 2967 3535 ‘rarum
3012 3473 3239 3538 videre
3301 3474 3386 3535 in‘

1885 3596 1961 3641 ea
2007 3576 2382 3640 adstitutum
2443 3597 2691 3640 canem.
2774 3579 2969 3638 Hunc
3016 3575 3088 3637 in
3136 3574 3386 3659 insigni

1885 3679 2026 3762 ejus
2063 3679 2170 3742 dei
2214 3679 2598 3754 simulacro,
2646 3678 2823 3763 quod
2868 3690 3010 3741 erat
3035 3675 3376 3759 Epidauri,
3455 3714 3466 3719 -
3513 3658 3528 3677 ‘

1883 3782 1963 3845 ad
2010 3781 2151 3867 ejus
2200 3781 2407 3864 pedes
2456 3779 2843 3844 adcubuisse
2877 3777 3086 3841 refert
3135 3779 3377 3840 Pausa-

1880 3884 2022 3948 nias
2062 3883 2137 3964 i).
2182 3884 2457 3947 Causam
2493 3882 2714 3967 paullo
2735 3902 2930 3966 supra
2950 3879 3254 3964 exposuit
3277 3877 3371 3960 1ἱ),

1880 3985 2186 4072 quoniam
2244 4004 2395 4046 eum
2442 4004 2596 4047 mox
2648 4005 2682 4045 a
2708 3996 2899 4068 partu
2927 4004 2962 4043 a
3006 3993 3215 4043 matre
3247 3981 3372 4042 Co·

1878 4088 2110 4153 ronide
2128 4086 2195 4150 in
2230 4086 2400 4149 saltu
2431 4083 2799 4170 expositum
2832 4080 3110 4147 nutrivit
3153 4100 3370 4164 capra,
3415 4126 3422 4133 ,

1881 4204 1948 4254 et
1979 4189 2156 4254 canis
2192 4185 2564 4254 custodivit.

2395 4440 2416 4487 l
2502 4505 2572 4583 d)
2608 4508 2758 4566 Mus.
2794 4505 3029 4586 Theup.
3063 4524 3202 4586 pag.
3243 4512 3369 4572 784·
3439 4510 3450 4519 '

2926 4597 2999 4673 h)
3034 4596 3371 4659 Athenaeus

2908 4809 2971 4871 E
