<?xml version="1.0" encoding="UTF-8"?>
<!DOCTYPE html PUBLIC "-//W3C//DTD XHTML 1.0 Transitional//EN"
    "http://www.w3.org/TR/xhtml1/DTD/xhtml1-transitional.dtd">
<html xmlns="http://www.w3.org/1999/xhtml" xml:lang="en" lang="en">
 <head>
  <title>
</title>
<meta http-equiv="Content-Type" content="text/html;charset=utf-8" />
  <meta name='ocr-system' content='tesseract 3.04.00' />
  <meta name='ocr-capabilities' content='ocr_page ocr_carea ocr_par ocr_line ocrx_word'/>
</head>
<body>
  <div class='ocr_page' id='page_1' title='image "./doctrinanumorum09unkngoog_0205.png"; bbox 0 0 4475 5584; ppageno 0'>
   <div class='ocr_carea' id='block_1_1' title="bbox 1156 454 2663 573">
    <p class='ocr_par' dir='ltr' id='par_1_1' title="bbox 1156 454 2663 573">
     <span class='ocr_line' id='line_1_1' title="bbox 1156 454 2663 573; baseline 0.001 -24"><span class='ocrx_word' id='word_1_1' title='bbox 1156 478 1241 551; x_wconf 90' lang='lat' dir='ltr'><strong>L.</strong></span> <span class='ocrx_word' id='word_1_2' title='bbox 1346 474 1994 573; x_wconf 73' lang='lat' dir='ltr'><strong>SEPTIMIVS</strong></span> <span class='ocrx_word' id='word_1_3' title='bbox 2096 454 2663 553; x_wconf 79' lang='lat' dir='ltr'><strong>SEVERVS.</strong></span> 
     </span>
    </p>
   </div>
   <div class='ocr_carea' id='block_1_2' title="bbox 377 661 1887 1862">
    <p class='ocr_par' dir='ltr' id='par_1_2' title="bbox 381 661 1886 843">
     <span class='ocr_line' id='line_1_2' title="bbox 386 661 1886 747; baseline 0 -21"><span class='ocrx_word' id='word_1_4' title='bbox 386 661 571 727; x_wconf 78' lang='lat' dir='ltr'><strong>aliis:</strong></span> <span class='ocrx_word' id='word_1_5' title='bbox 616 662 1125 734; x_wconf 70' lang='lat' dir='ltr'><strong>Lectisternium,</strong></span> <span class='ocrx_word' id='word_1_6' title='bbox 1171 661 1280 723; x_wconf 84' lang='lat' dir='ltr'><strong>vel</strong></span> <span class='ocrx_word' id='word_1_7' title='bbox 1302 664 1505 738; x_wconf 80' lang='lat' dir='ltr'><strong>Sella,</strong></span> <span class='ocrx_word' id='word_1_8' title='bbox 1551 683 1739 741; x_wconf 79' lang='lat' dir='ltr'><strong>super</strong></span> <span class='ocrx_word' id='word_1_9' title='bbox 1754 684 1886 747; x_wconf 79' lang='lat' dir='ltr'><strong>qua</strong></span> 
     </span>
     <span class='ocr_line' id='line_1_3' title="bbox 381 763 1328 843; baseline -0.001 -16"><span class='ocrx_word' id='word_1_10' title='bbox 381 784 641 829; x_wconf 77' lang='lat' dir='ltr'><strong>corona.</strong></span> <span class='ocrx_word' id='word_1_11' title='bbox 686 765 824 824; x_wconf 84' lang='lat' dir='ltr'><strong>AR.</strong></span> <span class='ocrx_word' id='word_1_12' title='bbox 873 763 1072 842; x_wconf 84' lang='lat' dir='ltr'><strong>(Mus.</strong></span> <span class='ocrx_word' id='word_1_13' title='bbox 1106 764 1328 843; x_wconf 86' lang='lat' dir='ltr'><strong>Caes.)</strong></span> 
     </span>
    </p>

    <p class='ocr_par' dir='ltr' id='par_1_3' title="bbox 377 861 1887 1862">
     <span class='ocr_line' id='line_1_4' title="bbox 507 861 1881 949; baseline -0.001 -22"><span class='ocrx_word' id='word_1_14' title='bbox 507 862 782 927; x_wconf 77' lang='lat' dir='ltr'>Priores</span> <span class='ocrx_word' id='word_1_15' title='bbox 837 861 968 926; x_wconf 86' lang='lat' dir='ltr'><strong>duo</strong></span> <span class='ocrx_word' id='word_1_16' title='bbox 1015 864 1152 949; x_wconf 82' lang='lat' dir='ltr'>typi</span> <span class='ocrx_word' id='word_1_17' title='bbox 1217 864 1299 928; x_wconf 89' lang='lat' dir='ltr'><strong>ad</strong></span> <span class='ocrx_word' id='word_1_18' title='bbox 1351 866 1491 948; x_wconf 89' lang='lat' dir='ltr'><strong>ipsa</strong></span> <span class='ocrx_word' id='word_1_19' title='bbox 1544 882 1881 928; x_wconf 86' lang='lat' dir='ltr'><strong>consecra·</strong></span> 
     </span>
     <span class='ocr_line' id='line_1_5' title="bbox 380 962 1887 1051; baseline -0.002 -20"><span class='ocrx_word' id='word_1_20' title='bbox 380 967 582 1031; x_wconf 82' lang='lat' dir='ltr'><strong>tionis</strong></span> <span class='ocrx_word' id='word_1_21' title='bbox 639 965 937 1029; x_wconf 72' lang='lat' dir='ltr'>solennia</span> <span class='ocrx_word' id='word_1_22' title='bbox 983 962 1364 1051; x_wconf 82' lang='lat' dir='ltr'><strong>pertinent,</strong></span> <span class='ocrx_word' id='word_1_23' title='bbox 1425 966 1736 1029; x_wconf 87' lang='lat' dir='ltr'><strong>nimirum</strong></span> <span class='ocrx_word' id='word_1_24' title='bbox 1775 985 1887 1028; x_wconf 80' lang='lat' dir='ltr'><strong>ex-</strong></span> 
     </span>
     <span class='ocr_line' id='line_1_6' title="bbox 384 1054 1881 1152; baseline -0.005 -16"><span class='ocrx_word' id='word_1_25' title='bbox 384 1072 709 1136; x_wconf 77' lang='lat' dir='ltr'><strong>structum</strong></span> <span class='ocrx_word' id='word_1_26' title='bbox 751 1054 1027 1152; x_wconf 65' lang='lat' dir='ltr'><strong>rogum,</strong></span> <span class='ocrx_word' id='word_1_27' title='bbox 1090 1080 1158 1129; x_wconf 87' lang='lat' dir='ltr'><strong>et</strong></span> <span class='ocrx_word' id='word_1_28' title='bbox 1192 1065 1469 1130; x_wconf 88' lang='lat' dir='ltr'><strong>subinde</strong></span> <span class='ocrx_word' id='word_1_29' title='bbox 1510 1086 1881 1144; x_wconf 86' lang='lat' dir='ltr'><strong>accensum,</strong></span> 
     </span>
     <span class='ocr_line' id='line_1_7' title="bbox 388 1167 1885 1255; baseline -0.003 -20"><span class='ocrx_word' id='word_1_30' title='bbox 388 1185 458 1236; x_wconf 81' lang='lat' dir='ltr'><strong>et</strong></span> <span class='ocrx_word' id='word_1_31' title='bbox 498 1187 638 1233; x_wconf 88' lang='lat' dir='ltr'><strong>tum</strong></span> <span class='ocrx_word' id='word_1_32' title='bbox 695 1167 933 1232; x_wconf 87' lang='lat' dir='ltr'><strong>emissa</strong></span> <span class='ocrx_word' id='word_1_33' title='bbox 999 1180 1283 1253; x_wconf 77' lang='lat' dir='ltr'><strong>superne</strong></span> <span class='ocrx_word' id='word_1_34' title='bbox 1351 1168 1567 1255; x_wconf 85' lang='lat' dir='ltr'><strong>aquila</strong></span> <span class='ocrx_word' id='word_1_35' title='bbox 1634 1169 1885 1232; x_wconf 85' lang='lat' dir='ltr'><strong>animae</strong></span> 
     </span>
     <span class='ocr_line' id='line_1_8' title="bbox 386 1270 1881 1359; baseline -0.004 -22"><span class='ocrx_word' id='word_1_36' title='bbox 386 1274 723 1359; x_wconf 78' lang='lat' dir='ltr'><strong>Augustae</strong></span> <span class='ocrx_word' id='word_1_37' title='bbox 767 1270 1093 1355; x_wconf 80' lang='lat' dir='ltr'>imagine,</span> <span class='ocrx_word' id='word_1_38' title='bbox 1169 1272 1253 1333; x_wconf 89' lang='lat' dir='ltr'><strong>de</strong></span> <span class='ocrx_word' id='word_1_39' title='bbox 1299 1290 1430 1355; x_wconf 85' lang='lat' dir='ltr'><strong>quo</strong></span> <span class='ocrx_word' id='word_1_40' title='bbox 1490 1272 1624 1334; x_wconf 87' lang='lat' dir='ltr'><strong>ritu</strong></span> <span class='ocrx_word' id='word_1_41' title='bbox 1688 1271 1881 1346; x_wconf 89' lang='lat' dir='ltr'><strong>vide,</strong></span> 
     </span>
     <span class='ocr_line' id='line_1_9' title="bbox 383 1371 1885 1461; baseline -0.003 -23"><span class='ocrx_word' id='word_1_42' title='bbox 383 1394 556 1461; x_wconf 85' lang='lat' dir='ltr'><strong>quae</strong></span> <span class='ocrx_word' id='word_1_43' title='bbox 591 1374 863 1458; x_wconf 81' lang='lat' dir='ltr'><strong>copiose</strong></span> <span class='ocrx_word' id='word_1_44' title='bbox 901 1373 1228 1458; x_wconf 77' lang='lat' dir='ltr'><strong>scripsere</strong></span> <span class='ocrx_word' id='word_1_45' title='bbox 1259 1373 1390 1435; x_wconf 91' lang='lat' dir='ltr'><strong>Dio</strong></span> <span class='ocrx_word' id='word_1_46' title='bbox 1424 1371 1481 1452; x_wconf 64' lang='grc' dir='ltr'><strong>ει)</strong></span> <span class='ocrx_word' id='word_1_47' title='bbox 1503 1418 1521 1450; x_wconf 87' lang='grc'><em>,</em></span> <span class='ocrx_word' id='word_1_48' title='bbox 1568 1386 1636 1436; x_wconf 90' lang='lat' dir='ltr'><strong>et</strong></span> <span class='ocrx_word' id='word_1_49' title='bbox 1670 1375 1885 1434; x_wconf 86' lang='lat' dir='ltr'><strong>Hero·</strong></span> 
     </span>
     <span class='ocr_line' id='line_1_10' title="bbox 386 1473 1886 1556; baseline -0.003 -17"><span class='ocrx_word' id='word_1_50' title='bbox 386 1477 617 1541; x_wconf 88' lang='lat' dir='ltr'><strong>dianus</strong></span> <span class='ocrx_word' id='word_1_51' title='bbox 648 1474 738 1556; x_wconf 75' lang='lat'><strong>¹³).</strong></span> <span class='ocrx_word' id='word_1_52' title='bbox 813 1474 1031 1539; x_wconf 87' lang='lat' dir='ltr'><strong>Etiam</strong></span> <span class='ocrx_word' id='word_1_53' title='bbox 1083 1473 1296 1537; x_wconf 81' lang='lat' dir='ltr'>honos</span> <span class='ocrx_word' id='word_1_54' title='bbox 1333 1476 1538 1538; x_wconf 86' lang='lat' dir='ltr'><strong>sellae</strong></span> <span class='ocrx_word' id='word_1_55' title='bbox 1582 1492 1731 1538; x_wconf 86' lang='lat' dir='ltr'><strong>cum</strong></span> <span class='ocrx_word' id='word_1_56' title='bbox 1776 1492 1886 1536; x_wconf 90' lang='lat' dir='ltr'><strong>co·</strong></span> 
     </span>
     <span class='ocr_line' id='line_1_11' title="bbox 387 1571 1886 1641; baseline -0.005 0"><span class='ocrx_word' id='word_1_57' title='bbox 387 1597 554 1641; x_wconf 79' lang='lat' dir='ltr'><strong>rona</strong></span> <span class='ocrx_word' id='word_1_58' title='bbox 597 1578 668 1640; x_wconf 90' lang='lat' dir='ltr'><strong>in</strong></span> <span class='ocrx_word' id='word_1_59' title='bbox 698 1578 974 1641; x_wconf 80' lang='lat' dir='ltr'><strong>theatris</strong></span> <span class='ocrx_word' id='word_1_60' title='bbox 1023 1577 1334 1640; x_wconf 87' lang='lat' dir='ltr'><strong>constitui</strong></span> <span class='ocrx_word' id='word_1_61' title='bbox 1363 1575 1557 1639; x_wconf 91' lang='lat' dir='ltr'><strong>solita</strong></span> <span class='ocrx_word' id='word_1_62' title='bbox 1582 1574 1757 1635; x_wconf 91' lang='lat' dir='ltr'><strong>inter</strong></span> <span class='ocrx_word' id='word_1_63' title='bbox 1791 1571 1886 1634; x_wconf 89' lang='lat' dir='ltr'><strong>di-</strong></span> 
     </span>
     <span class='ocr_line' id='line_1_12' title="bbox 377 1676 1887 1765; baseline -0.003 -23"><span class='ocrx_word' id='word_1_64' title='bbox 377 1679 576 1742; x_wconf 82' lang='lat' dir='ltr'><strong>vinos</strong></span> <span class='ocrx_word' id='word_1_65' title='bbox 618 1678 774 1755; x_wconf 85' lang='lat' dir='ltr'><strong>fuit,</strong></span> <span class='ocrx_word' id='word_1_66' title='bbox 833 1680 915 1742; x_wconf 88' lang='lat' dir='ltr'><strong>de</strong></span> <span class='ocrx_word' id='word_1_67' title='bbox 950 1698 1081 1765; x_wconf 85' lang='lat' dir='ltr'><strong>quo</strong></span> <span class='ocrx_word' id='word_1_68' title='bbox 1118 1678 1230 1762; x_wconf 83' lang='lat' dir='ltr'><strong>egi</strong></span> <span class='ocrx_word' id='word_1_69' title='bbox 1277 1678 1345 1740; x_wconf 91' lang='lat' dir='ltr'><strong>in</strong></span> <span class='ocrx_word' id='word_1_70' title='bbox 1383 1676 1597 1739; x_wconf 90' lang='lat' dir='ltr'><strong>numis</strong></span> <span class='ocrx_word' id='word_1_71' title='bbox 1644 1677 1692 1737; x_wconf 87' lang='lat'><strong>1.</strong></span> <span class='ocrx_word' id='word_1_72' title='bbox 1730 1677 1887 1737; x_wconf 88' lang='lat' dir='ltr'><strong>Cae·</strong></span> 
     </span>
     <span class='ocr_line' id='line_1_13' title="bbox 385 1775 1887 1862; baseline -0.005 -18"><span class='ocrx_word' id='word_1_73' title='bbox 385 1779 579 1844; x_wconf 85' lang='lat' dir='ltr'><strong>saris.</strong></span> <span class='ocrx_word' id='word_1_74' title='bbox 621 1782 691 1841; x_wconf 90' lang='lat' dir='ltr'><strong>ln</strong></span> <span class='ocrx_word' id='word_1_75' title='bbox 724 1801 1062 1845; x_wconf 65' lang='lat' dir='ltr'><strong>,marmore</strong></span> <span class='ocrx_word' id='word_1_76' title='bbox 1097 1779 1429 1855; x_wconf 76' lang='lat' dir='ltr'><strong>Ostiensi,</strong></span> <span class='ocrx_word' id='word_1_77' title='bbox 1487 1775 1666 1862; x_wconf 86' lang='lat' dir='ltr'><strong>quod</strong></span> <span class='ocrx_word' id='word_1_78' title='bbox 1696 1775 1887 1838; x_wconf 87' lang='lat' dir='ltr'><strong>resti-</strong></span> 
     </span>
    </p>
   </div>
   <div class='ocr_carea' id='block_1_3' title="bbox 384 1877 1891 1964">
    <p class='ocr_par' dir='ltr' id='par_1_4' title="bbox 384 1877 1891 1964">
     <span class='ocr_line' id='line_1_14' title="bbox 384 1877 1891 1964; baseline -0.001 -21"><span class='ocrx_word' id='word_1_79' title='bbox 384 1881 515 1944; x_wconf 85' lang='lat' dir='ltr'><strong>tuit</strong></span> <span class='ocrx_word' id='word_1_80' title='bbox 548 1882 868 1946; x_wconf 79' lang='lat' dir='ltr'><strong>Marinius</strong></span> <span class='ocrx_word' id='word_1_81' title='bbox 903 1887 998 1964; x_wconf 76' lang='grc' dir='ltr'><strong>ο),</strong></span> <span class='ocrx_word' id='word_1_82' title='bbox 1062 1882 1303 1946; x_wconf 88' lang='lat' dir='ltr'><strong>dicitur</strong></span> <span class='ocrx_word' id='word_1_83' title='bbox 1339 1877 1649 1943; x_wconf 85' lang='lat' dir='ltr'><strong>Herodes</strong></span> <span class='ocrx_word' id='word_1_84' title='bbox 1688 1880 1891 1942; x_wconf 76' lang='lat' dir='ltr'>FLA-</span> 
     </span>
    </p>
   </div>
   <div class='ocr_carea' id='block_1_4' title="bbox 374 1985 1880 2487">
    <p class='ocr_par' dir='ltr' id='par_1_5' title="bbox 374 1985 1880 2487">
     <span class='ocr_line' id='line_1_15' title="bbox 374 1985 1145 2055; baseline 0 -9"><span class='ocrx_word' id='word_1_85' title='bbox 374 1985 531 2047; x_wconf 77' lang='lat' dir='ltr'><strong>Men</strong></span> <span class='ocrx_word' id='word_1_86' title='bbox 562 1985 769 2054; x_wconf 86' lang='lat' dir='ltr'><strong>D1v1.</strong></span> <span class='ocrx_word' id='word_1_87' title='bbox 805 1985 1145 2055; x_wconf 88' lang='lat' dir='ltr'><strong>SEVERI.</strong></span> 
     </span>
     <span class='ocr_line' id='line_1_16' title="bbox 1116 2086 1158 2125; baseline 0 0"><span class='ocrx_word' id='word_1_88' title='bbox 1116 2086 1158 2125; x_wconf 60' lang='lat' dir='ltr'><strong>a</strong></span> 
     </span>
     <span class='ocr_line' id='line_1_17' title="bbox 651 2129 1878 2271; baseline 0.001 -19"><span class='ocrx_word' id='word_1_89' title='bbox 651 2187 897 2258; x_wconf 72' lang='lat' dir='ltr'><strong>mro,</strong></span> <span class='ocrx_word' id='word_1_90' title='bbox 953 2129 1420 2271; x_wconf 58' lang='lat' dir='ltr'><strong>&#39;fserrm&#39;io</strong></span> <span class='ocrx_word' id='word_1_91' title='bbox 1499 2182 1878 2258; x_wconf 82' lang='lat' dir='ltr'><strong>SEVERO.</strong></span> 
     </span>
     <span class='ocr_line' id='line_1_18' title="bbox 664 2291 1392 2371; baseline -0.003 -21"><span class='ocrx_word' id='word_1_92' title='bbox 664 2291 846 2355; x_wconf 90' lang='lat' dir='ltr'><strong>PIO.</strong></span> <span class='ocrx_word' id='word_1_93' title='bbox 902 2295 1104 2371; x_wconf 81' lang='lat' dir='ltr'><strong>Caput</strong></span> <span class='ocrx_word' id='word_1_94' title='bbox 1134 2295 1392 2353; x_wconf 76' lang='lat' dir='ltr'><strong>nudum.</strong></span> 
     </span>
     <span class='ocr_line' id='line_1_19' title="bbox 375 2390 1880 2487; baseline -0.003 -29"><span class='ocrx_word' id='word_1_95' title='bbox 375 2390 1026 2459; x_wconf 86' lang='lat' dir='ltr'><strong>CONSECRATIO.</strong></span> <span class='ocrx_word' id='word_1_96' title='bbox 1091 2391 1159 2453; x_wconf 88' lang='lat' dir='ltr'><strong>S.</strong></span> <span class='ocrx_word' id='word_1_97' title='bbox 1206 2390 1278 2452; x_wconf 89' lang='lat' dir='ltr'><strong>C.</strong></span> <span class='ocrx_word' id='word_1_98' title='bbox 1337 2395 1572 2472; x_wconf 72' lang='lat' dir='ltr'><strong>Boqm.</strong></span> <span class='ocrx_word' id='word_1_99' title='bbox 1629 2390 1770 2457; x_wconf 84' lang='lat' dir='ltr'><strong>AE.</strong></span> <span class='ocrx_word' id='word_1_100' title='bbox 1804 2393 1880 2487; x_wconf 12' lang='lat'><strong>¹1.</strong></span> 
     </span>
    </p>
   </div>
   <div class='ocr_carea' id='block_1_5' title="bbox 380 2496 1877 2698">
    <p class='ocr_par' dir='ltr' id='par_1_6' title="bbox 380 2496 1877 2698">
     <span class='ocr_line' id='line_1_20' title="bbox 380 2496 847 2580; baseline 0 -20"><span class='ocrx_word' id='word_1_101' title='bbox 380 2500 586 2580; x_wconf 79' lang='lat' dir='ltr'><strong>(Mus.</strong></span> <span class='ocrx_word' id='word_1_102' title='bbox 625 2496 847 2573; x_wconf 84' lang='lat' dir='ltr'><strong>Caes.)</strong></span> 
     </span>
     <span class='ocr_line' id='line_1_21' title="bbox 667 2592 1877 2698; baseline -0.002 -39"><span class='ocrx_word' id='word_1_103' title='bbox 667 2596 957 2663; x_wconf 79' lang='lat' dir='ltr'><strong>DIVVS.</strong></span> <span class='ocrx_word' id='word_1_104' title='bbox 1049 2592 1473 2698; x_wconf 57' lang='lat' dir='ltr'><strong>SEVERVS.</strong></span> <span class='ocrx_word' id='word_1_105' title='bbox 1557 2595 1877 2657; x_wconf 83' lang='lat' dir='ltr'>PATER.</span> 
     </span>
    </p>
   </div>
   <div class='ocr_carea' id='block_1_6' title="bbox 282 2700 1880 2984">
    <p class='ocr_par' dir='ltr' id='par_1_7' title="bbox 282 2700 1880 2984">
     <span class='ocr_line' id='line_1_22' title="bbox 282 2700 1155 2778; baseline -0.007 -16"><span class='ocrx_word' id='word_1_106' title='bbox 282 2758 287 2762; x_wconf 78' lang='grc'><strong>.</strong></span> <span class='ocrx_word' id='word_1_107' title='bbox 660 2702 863 2778; x_wconf 80' lang='lat' dir='ltr'><strong>Caput</strong></span> <span class='ocrx_word' id='word_1_108' title='bbox 897 2700 1155 2760; x_wconf 78' lang='lat' dir='ltr'><strong>nudum.</strong></span> 
     </span>
     <span class='ocr_line' id='line_1_23' title="bbox 380 2797 1880 2884; baseline -0.005 -19"><span class='ocrx_word' id='word_1_109' title='bbox 380 2797 1029 2865; x_wconf 84' lang='lat' dir='ltr'><strong>CONSECRATIO.</strong></span> <span class='ocrx_word' id='word_1_110' title='bbox 1078 2800 1387 2884; x_wconf 56' lang='lat' dir='ltr'><strong>&#39;Aquila</strong></span> <span class='ocrx_word' id='word_1_111' title='bbox 1458 2797 1592 2863; x_wconf 82' lang='lat' dir='ltr'><strong>AR.</strong></span> <span class='ocrx_word' id='word_1_112' title='bbox 1676 2797 1880 2879; x_wconf 81' lang='lat' dir='ltr'><strong>(Mus.</strong></span> 
     </span>
     <span class='ocr_line' id='line_1_24' title="bbox 382 2902 608 2984; baseline -0.018 -15"><span class='ocrx_word' id='word_1_113' title='bbox 382 2902 608 2984; x_wconf 84' lang='lat' dir='ltr'><strong>Caes.)</strong></span> 
     </span>
    </p>
   </div>
   <div class='ocr_carea' id='block_1_7' title="bbox 1103 2999 1144 3041">
    <p class='ocr_par' dir='ltr' id='par_1_8' title="bbox 1103 2999 1144 3041">
     <span class='ocr_line' id='line_1_25' title="bbox 1103 2999 1144 3041; baseline 0 0"><span class='ocrx_word' id='word_1_114' title='bbox 1103 2999 1144 3041; x_wconf 61' lang='lat'><em>*</em></span> 
     </span>
    </p>
   </div>
   <div class='ocr_carea' id='block_1_8' title="bbox 377 3042 1880 3883">
    <p class='ocr_par' dir='ltr' id='par_1_9' title="bbox 377 3042 1880 3490">
     <span class='ocr_line' id='line_1_26' title="bbox 938 3042 1311 3084; baseline -0.003 0"><span class='ocrx_word' id='word_1_115' title='bbox 938 3044 979 3084; x_wconf 63' lang='lat' dir='ltr'><strong>a·</strong></span> <span class='ocrx_word' id='word_1_116' title='bbox 1270 3042 1311 3083; x_wconf 66' lang='lat' dir='ltr'><strong>o</strong></span> 
     </span>
     <span class='ocr_line' id='line_1_27' title="bbox 662 3100 1367 3173; baseline -0.003 -6"><span class='ocrx_word' id='word_1_117' title='bbox 662 3103 909 3173; x_wconf 84' lang='lat' dir='ltr'><strong>Drvo.</strong></span> <span class='ocrx_word' id='word_1_118' title='bbox 985 3100 1367 3173; x_wconf 84' lang='lat' dir='ltr'><strong>SEVERO.</strong></span> 
     </span>
     <span class='ocr_line' id='line_1_28' title="bbox 618 3211 936 3271; baseline 0 0"><span class='ocrx_word' id='word_1_119' title='bbox 618 3222 627 3227; x_wconf 83' lang='lat'><strong>&#39;</strong></span> <span class='ocrx_word' id='word_1_120' title='bbox 662 3211 936 3271; x_wconf 75' lang='lat' dir='ltr'><strong>diatma-</strong></span> 
     </span>
     <span class='ocr_line' id='line_1_29' title="bbox 383 3304 1880 3391; baseline -0.004 -15"><span class='ocrx_word' id='word_1_121' title='bbox 383 3309 1039 3376; x_wconf 83' lang='lat' dir='ltr'><strong>CONSECRATIO.</strong></span> <span class='ocrx_word' id='word_1_122' title='bbox 1082 3308 1352 3391; x_wconf 80' lang='lat' dir='ltr'><strong>Aqm‘la.</strong></span> <span class='ocrx_word' id='word_1_123' title='bbox 1397 3308 1469 3368; x_wconf 91' lang='lat' dir='ltr'><strong>In</strong></span> <span class='ocrx_word' id='word_1_124' title='bbox 1502 3304 1684 3370; x_wconf 77' lang='lat' dir='ltr'><strong>aliis:</strong></span> <span class='ocrx_word' id='word_1_125' title='bbox 1735 3309 1880 3370; x_wconf 80' lang='lat' dir='ltr'><strong>Ara</strong></span> 
     </span>
     <span class='ocr_line' id='line_1_30' title="bbox 377 3409 1408 3490; baseline -0.008 -15"><span class='ocrx_word' id='word_1_126' title='bbox 377 3415 727 3476; x_wconf 78' lang='lat' dir='ltr'><strong>luculenta.</strong></span> <span class='ocrx_word' id='word_1_127' title='bbox 770 3413 910 3474; x_wconf 87' lang='lat' dir='ltr'><strong>AR.</strong></span> <span class='ocrx_word' id='word_1_128' title='bbox 956 3412 1156 3490; x_wconf 81' lang='lat' dir='ltr'><strong>(Mus.</strong></span> <span class='ocrx_word' id='word_1_129' title='bbox 1188 3409 1408 3490; x_wconf 86' lang='lat' dir='ltr'><strong>Caes.)</strong></span> 
     </span>
    </p>

    <p class='ocr_par' dir='ltr' id='par_1_10' title="bbox 379 3508 1876 3883">
     <span class='ocr_line' id='line_1_31' title="bbox 507 3508 1875 3601; baseline -0.004 -25"><span class='ocrx_word' id='word_1_130' title='bbox 507 3512 839 3576; x_wconf 79' lang='lat' dir='ltr'><strong>Postremi</strong></span> <span class='ocrx_word' id='word_1_131' title='bbox 868 3511 938 3573; x_wconf 90' lang='lat' dir='ltr'><strong>hi</strong></span> <span class='ocrx_word' id='word_1_132' title='bbox 969 3511 1153 3574; x_wconf 88' lang='lat' dir='ltr'><strong>numi</strong></span> <span class='ocrx_word' id='word_1_133' title='bbox 1187 3531 1337 3574; x_wconf 87' lang='lat' dir='ltr'><strong>cnm</strong></span> <span class='ocrx_word' id='word_1_134' title='bbox 1376 3508 1875 3601; x_wconf 24' lang='lat' dir='ltr'><strong>capitesradiato</strong></span> 
     </span>
     <span class='ocr_line' id='line_1_32' title="bbox 379 3611 1873 3699; baseline -0.004 -22"><span class='ocrx_word' id='word_1_135' title='bbox 379 3612 465 3677; x_wconf 83' lang='lat' dir='ltr'><strong>ad</strong></span> <span class='ocrx_word' id='word_1_136' title='bbox 479 3614 855 3699; x_wconf 86' lang='lat' dir='ltr'><strong>sequiorem</strong></span> <span class='ocrx_word' id='word_1_137' title='bbox 875 3626 1153 3676; x_wconf 88' lang='lat' dir='ltr'><strong>aetatem</strong></span> <span class='ocrx_word' id='word_1_138' title='bbox 1170 3612 1522 3696; x_wconf 81' lang='lat' dir='ltr'><strong>pertinent,</strong></span> <span class='ocrx_word' id='word_1_139' title='bbox 1560 3611 1641 3674; x_wconf 82' lang='lat' dir='ltr'><strong>ad</strong></span> <span class='ocrx_word' id='word_1_140' title='bbox 1659 3630 1873 3697; x_wconf 85' lang='lat' dir='ltr'><strong>quam,</strong></span> 
     </span>
     <span class='ocr_line' id='line_1_33' title="bbox 383 3711 1876 3801; baseline -0.003 -23"><span class='ocrx_word' id='word_1_141' title='bbox 383 3715 863 3801; x_wconf 77' lang='lat' dir='ltr'><strong>disputabimus</strong></span> <span class='ocrx_word' id='word_1_142' title='bbox 910 3715 979 3777; x_wconf 90' lang='lat' dir='ltr'><strong>in</strong></span> <span class='ocrx_word' id='word_1_143' title='bbox 1031 3727 1313 3780; x_wconf 83' lang='lat' dir='ltr'><strong>tractatu</strong></span> <span class='ocrx_word' id='word_1_144' title='bbox 1348 3714 1433 3780; x_wconf 86' lang='lat' dir='ltr'><strong>de</strong></span> <span class='ocrx_word' id='word_1_145' title='bbox 1461 3711 1679 3776; x_wconf 79' lang='lat' dir='ltr'><strong>numia</strong></span> <span class='ocrx_word' id='word_1_146' title='bbox 1721 3732 1876 3777; x_wconf 86' lang='lat' dir='ltr'><strong>con-</strong></span> 
     </span>
     <span class='ocr_line' id='line_1_34' title="bbox 381 3816 792 3883; baseline 0.002 -2"><span class='ocrx_word' id='word_1_147' title='bbox 381 3816 792 3883; x_wconf 73' lang='lat' dir='ltr'><strong>sectationis.</strong></span> 
     </span>
    </p>
   </div>
   <div class='ocr_carea' id='block_1_9' title="bbox 1517 3104 1881 3181">
    <p class='ocr_par' dir='ltr' id='par_1_11' title="bbox 1517 3104 1881 3181">
     <span class='ocr_line' id='line_1_35' title="bbox 1517 3104 1881 3181; baseline -0.003 -16"><span class='ocrx_word' id='word_1_148' title='bbox 1517 3104 1720 3181; x_wconf 57' lang='grc' dir='ltr'><strong>θαρρεῖ</strong></span> <span class='ocrx_word' id='word_1_149' title='bbox 1774 3122 1881 3166; x_wconf 83' lang='lat' dir='ltr'><strong>ra-</strong></span> 
     </span>
    </p>
   </div>
   <div class='ocr_carea' id='block_1_10' title="bbox 661 3990 1683 4125">
    <p class='ocr_par' dir='ltr' id='par_1_12' title="bbox 661 3990 1683 4125">
     <span class='ocr_line' id='line_1_36' title="bbox 661 3990 1683 4125; baseline -0.005 -17"><span class='ocrx_word' id='word_1_150' title='bbox 661 4043 864 4108; x_wconf 66' lang='lat' dir='ltr'><strong>Numi</strong></span> <span class='ocrx_word' id='word_1_151' title='bbox 891 3990 1231 4105; x_wconf 58' lang='lat' dir='ltr'><strong>commatis</strong></span> <span class='ocrx_word' id='word_1_152' title='bbox 1243 4041 1598 4122; x_wconf 72' lang='lat' dir='ltr'><strong>pereqrt&#39;m‘.</strong></span> <span class='ocrx_word' id='word_1_153' title='bbox 1678 4108 1683 4125; x_wconf 33' lang='lat'>⁴</span> 
     </span>
    </p>
   </div>
   <div class='ocr_carea' id='block_1_11' title="bbox 379 4226 1878 4395">
    <p class='ocr_par' dir='ltr' id='par_1_13' title="bbox 379 4226 1878 4395">
     <span class='ocr_line' id='line_1_37' title="bbox 506 4226 1878 4300; baseline -0.004 -9"><span class='ocrx_word' id='word_1_154' title='bbox 506 4229 617 4293; x_wconf 87' lang='lat' dir='ltr'><strong>De</strong></span> <span class='ocrx_word' id='word_1_155' title='bbox 649 4226 866 4291; x_wconf 88' lang='lat' dir='ltr'><strong>nnmis</strong></span> <span class='ocrx_word' id='word_1_156' title='bbox 894 4230 1148 4290; x_wconf 73' lang='lat' dir='ltr'><strong>urbium</strong></span> <span class='ocrx_word' id='word_1_157' title='bbox 1183 4230 1557 4300; x_wconf 75' lang='lat' dir='ltr'><strong>liberarum,</strong></span> <span class='ocrx_word' id='word_1_158' title='bbox 1603 4236 1671 4287; x_wconf 89' lang='lat' dir='ltr'><strong>et</strong></span> <span class='ocrx_word' id='word_1_159' title='bbox 1706 4227 1878 4287; x_wconf 83' lang='lat' dir='ltr'><strong>colo·</strong></span> 
     </span>
     <span class='ocr_line' id='line_1_38' title="bbox 379 4325 1876 4395; baseline -0.003 0"><span class='ocrx_word' id='word_1_160' title='bbox 379 4335 637 4395; x_wconf 74' lang='lat' dir='ltr'><strong>uiarum</strong></span> <span class='ocrx_word' id='word_1_161' title='bbox 680 4327 847 4392; x_wconf 85' lang='lat' dir='ltr'><strong>nihil</strong></span> <span class='ocrx_word' id='word_1_162' title='bbox 882 4327 1191 4393; x_wconf 86' lang='lat' dir='ltr'><strong>distincte</strong></span> <span class='ocrx_word' id='word_1_163' title='bbox 1237 4325 1734 4390; x_wconf 86' lang='lat' dir='ltr'><strong>memorandum</strong></span> <span class='ocrx_word' id='word_1_164' title='bbox 1766 4345 1876 4391; x_wconf 79' lang='lat' dir='ltr'><strong>oe·</strong></span> 
     </span>
    </p>
   </div>
   <div class='ocr_carea' id='block_1_12' title="bbox 375 4579 1640 4839">
    <p class='ocr_par' dir='ltr' id='par_1_14' title="bbox 375 4579 1640 4839">
     <span class='ocr_line' id='line_1_39' title="bbox 448 4579 1109 4655; baseline 0.002 -15"><span class='ocrx_word' id='word_1_165' title='bbox 448 4586 512 4655; x_wconf 81' lang='lat' dir='ltr'><strong>a)</strong></span> <span class='ocrx_word' id='word_1_166' title='bbox 548 4583 615 4640; x_wconf 80' lang='lat'><strong>1..</strong></span> <span class='ocrx_word' id='word_1_167' title='bbox 652 4579 924 4642; x_wconf 77' lang='lat' dir='ltr'><strong>LXXIV.</strong></span> <span class='ocrx_word' id='word_1_168' title='bbox 963 4584 1015 4655; x_wconf 52' lang='grc' dir='ltr'><strong>ᾗ.</strong></span> <span class='ocrx_word' id='word_1_169' title='bbox 1053 4586 1109 4641; x_wconf 64' lang='lat'><strong>4.</strong></span> 
     </span>
     <span class='ocr_line' id='line_1_40' title="bbox 377 4669 1640 4744; baseline -0.005 -10"><span class='ocrx_word' id='word_1_170' title='bbox 377 4674 595 4733; x_wconf 80' lang='lat' dir='ltr'><strong>Severo</strong></span> <span class='ocrx_word' id='word_1_171' title='bbox 634 4691 684 4731; x_wconf 90' lang='lat' dir='ltr'><strong>c.</strong></span> <span class='ocrx_word' id='word_1_172' title='bbox 715 4684 770 4737; x_wconf 77' lang='grc'><strong>7.</strong></span> <span class='ocrx_word' id='word_1_173' title='bbox 999 4671 1060 4744; x_wconf 87' lang='lat' dir='ltr'><strong>e)</strong></span> <span class='ocrx_word' id='word_1_174' title='bbox 1106 4669 1170 4727; x_wconf 89' lang='lat' dir='ltr'><strong>in</strong></span> <span class='ocrx_word' id='word_1_175' title='bbox 1206 4669 1424 4730; x_wconf 84' lang='lat' dir='ltr'><strong>Pertin.</strong></span> <span class='ocrx_word' id='word_1_176' title='bbox 1465 4690 1516 4730; x_wconf 90' lang='lat' dir='ltr'><strong>c.</strong></span> <span class='ocrx_word' id='word_1_177' title='bbox 1553 4676 1640 4733; x_wconf 77' lang='lat'><strong>15.</strong></span> 
     </span>
     <span class='ocr_line' id='line_1_41' title="bbox 375 4761 1228 4839; baseline 0 -18"><span class='ocrx_word' id='word_1_178' title='bbox 375 4763 448 4839; x_wconf 82' lang='lat' dir='ltr'><strong>h)</strong></span> <span class='ocrx_word' id='word_1_179' title='bbox 485 4765 549 4823; x_wconf 88' lang='lat' dir='ltr'><strong>in</strong></span> <span class='ocrx_word' id='word_1_180' title='bbox 587 4763 804 4825; x_wconf 85' lang='lat' dir='ltr'><strong>Severo</strong></span> <span class='ocrx_word' id='word_1_181' title='bbox 835 4762 902 4824; x_wconf 88' lang='lat' dir='ltr'><strong>L.</strong></span> <span class='ocrx_word' id='word_1_182' title='bbox 937 4761 1009 4822; x_wconf 89' lang='lat'><strong>11.</strong></span> <span class='ocrx_word' id='word_1_183' title='bbox 1050 4781 1104 4822; x_wconf 93' lang='lat' dir='ltr'><strong>c.</strong></span> <span class='ocrx_word' id='word_1_184' title='bbox 1141 4769 1228 4825; x_wconf 77' lang='lat'><strong>14.</strong></span> 
     </span>
    </p>
   </div>
   <div class='ocr_carea' id='block_1_13' title="bbox 1292 4578 2377 4769">
    <p class='ocr_par' dir='ltr' id='par_1_15' title="bbox 1292 4578 2377 4769">
     <span class='ocr_line' id='line_1_42' title="bbox 1292 4578 2148 4653; baseline 0.002 -16"><span class='ocrx_word' id='word_1_185' title='bbox 1292 4578 1358 4653; x_wconf 86' lang='lat' dir='ltr'><strong>b)</strong></span> <span class='ocrx_word' id='word_1_186' title='bbox 1397 4578 1463 4639; x_wconf 90' lang='lat' dir='ltr'><strong>in</strong></span> <span class='ocrx_word' id='word_1_187' title='bbox 1499 4579 1813 4640; x_wconf 81' lang='lat' dir='ltr'><strong>Caracalla</strong></span> <span class='ocrx_word' id='word_1_188' title='bbox 1849 4579 1977 4639; x_wconf 87' lang='lat' dir='ltr'><strong>sub.</strong></span> <span class='ocrx_word' id='word_1_189' title='bbox 2017 4579 2148 4639; x_wconf 82' lang='lat' dir='ltr'><strong>init.</strong></span> 
     </span>
     <span class='ocr_line' id='line_1_43' title="bbox 1869 4668 2377 4769; baseline -0.002 -40"><span class='ocrx_word' id='word_1_190' title='bbox 1869 4671 1923 4742; x_wconf 83' lang='lat' dir='ltr'><strong>f)</strong></span> <span class='ocrx_word' id='word_1_191' title='bbox 1957 4668 2022 4730; x_wconf 87' lang='lat' dir='ltr'><strong>in</strong></span> <span class='ocrx_word' id='word_1_192' title='bbox 2059 4668 2377 4769; x_wconf 64' lang='lat' dir='ltr'><strong>Chronico.</strong></span> 
     </span>
    </p>
   </div>
   <div class='ocr_carea' id='block_1_14' title="bbox 1416 4760 1905 4835">
    <p class='ocr_par' dir='ltr' id='par_1_16' title="bbox 1416 4760 1905 4835">
     <span class='ocr_line' id='line_1_44' title="bbox 1416 4760 1905 4835; baseline 0.004 -16"><span class='ocrx_word' id='word_1_193' title='bbox 1416 4760 1467 4835; x_wconf 90' lang='lat' dir='ltr'><strong>i)</strong></span> <span class='ocrx_word' id='word_1_194' title='bbox 1505 4760 1568 4820; x_wconf 87' lang='lat' dir='ltr'><strong>in</strong></span> <span class='ocrx_word' id='word_1_195' title='bbox 1607 4761 1905 4822; x_wconf 73' lang='lat' dir='ltr'><strong>Caesarii).</strong></span> 
     </span>
    </p>
   </div>
   <div class='ocr_carea' id='block_1_15' title="bbox 3351 497 3494 578">
    <p class='ocr_par' dir='ltr' id='par_1_17' title="bbox 3351 497 3494 578">
     <span class='ocr_line' id='line_1_45' title="bbox 3351 497 3494 578; baseline -0.021 0"><span class='ocrx_word' id='word_1_196' title='bbox 3351 497 3494 578; x_wconf 70' lang='lat'><strong>192</strong></span> 
     </span>
    </p>
   </div>
   <div class='ocr_carea' id='block_1_16' title="bbox 1995 658 3505 1843">
    <p class='ocr_par' dir='ltr' id='par_1_18' title="bbox 1995 658 3505 1843">
     <span class='ocr_line' id='line_1_46' title="bbox 2000 658 3502 749; baseline 0.004 -25"><span class='ocrx_word' id='word_1_197' title='bbox 2000 659 2243 737; x_wconf 81' lang='lat' dir='ltr'><strong>currit,</strong></span> <span class='ocrx_word' id='word_1_198' title='bbox 2286 683 2437 723; x_wconf 89' lang='lat' dir='ltr'><strong>nam</strong></span> <span class='ocrx_word' id='word_1_199' title='bbox 2464 658 2740 745; x_wconf 83' lang='lat' dir='ltr'><strong>insignis</strong></span> <span class='ocrx_word' id='word_1_200' title='bbox 2773 677 3004 724; x_wconf 87' lang='lat' dir='ltr'><strong>eorum</strong></span> <span class='ocrx_word' id='word_1_201' title='bbox 3039 676 3252 727; x_wconf 85' lang='lat' dir='ltr'><strong>exstat</strong></span> <span class='ocrx_word' id='word_1_202' title='bbox 3282 664 3502 749; x_wconf 61' lang='lat' dir='ltr'><strong>copia,</strong></span> 
     </span>
     <span class='ocr_line' id='line_1_47' title="bbox 2000 761 3496 847; baseline 0.006 -25"><span class='ocrx_word' id='word_1_203' title='bbox 2000 762 2157 845; x_wconf 86' lang='lat' dir='ltr'><strong>quin</strong></span> <span class='ocrx_word' id='word_1_204' title='bbox 2183 776 2252 825; x_wconf 88' lang='lat' dir='ltr'><strong>et</strong></span> <span class='ocrx_word' id='word_1_205' title='bbox 2281 782 2504 825; x_wconf 89' lang='lat' dir='ltr'><strong>earum</strong></span> <span class='ocrx_word' id='word_1_206' title='bbox 2552 761 2897 845; x_wconf 83' lang='lat' dir='ltr'><strong>regionum</strong></span> <span class='ocrx_word' id='word_1_207' title='bbox 2920 807 2937 839; x_wconf 92' lang='lat'><strong>,</strong></span> <span class='ocrx_word' id='word_1_208' title='bbox 2984 784 3257 847; x_wconf 85' lang='lat' dir='ltr'><strong>quarum</strong></span> <span class='ocrx_word' id='word_1_209' title='bbox 3292 765 3496 833; x_wconf 79' lang='lat' dir='ltr'><strong>urbes</strong></span> 
     </span>
     <span class='ocr_line' id='line_1_48' title="bbox 1999 860 3500 949; baseline 0.009 -27"><span class='ocrx_word' id='word_1_210' title='bbox 1999 881 2132 923; x_wconf 89' lang='lat' dir='ltr'><strong>non</strong></span> <span class='ocrx_word' id='word_1_211' title='bbox 2178 862 2376 926; x_wconf 83' lang='lat' dir='ltr'><strong>facile</strong></span> <span class='ocrx_word' id='word_1_212' title='bbox 2410 860 2881 949; x_wconf 84' lang='lat' dir='ltr'><strong>imperatorum</strong></span> <span class='ocrx_word' id='word_1_213' title='bbox 2933 864 3127 927; x_wconf 86' lang='lat' dir='ltr'><strong>alteri</strong></span> <span class='ocrx_word' id='word_1_214' title='bbox 3162 883 3500 935; x_wconf 85' lang='lat' dir='ltr'><strong>monetam</strong></span> 
     </span>
     <span class='ocr_line' id='line_1_49' title="bbox 2003 955 3500 1050; baseline 0.007 -28"><span class='ocrx_word' id='word_1_215' title='bbox 2003 955 2417 1039; x_wconf 80' lang='lat' dir='ltr'><strong>dedicavere,</strong></span> <span class='ocrx_word' id='word_1_216' title='bbox 2458 988 2616 1050; x_wconf 88' lang='lat' dir='ltr'><strong>quas</strong></span> <span class='ocrx_word' id='word_1_217' title='bbox 2647 966 2824 1029; x_wconf 82' lang='lat' dir='ltr'><strong>inter</strong></span> <span class='ocrx_word' id='word_1_218' title='bbox 2842 969 3300 1033; x_wconf 81' lang='lat' dir='ltr'><strong>memorandae</strong></span> <span class='ocrx_word' id='word_1_219' title='bbox 3319 992 3500 1035; x_wconf 83' lang='lat' dir='ltr'><strong>cum·</strong></span> 
     </span>
     <span class='ocr_line' id='line_1_50' title="bbox 1997 1058 3505 1156; baseline 0.011 -33"><span class='ocrx_word' id='word_1_220' title='bbox 1997 1063 2228 1147; x_wconf 85' lang='lat' dir='ltr'><strong>primis</strong></span> <span class='ocrx_word' id='word_1_221' title='bbox 2268 1065 2467 1129; x_wconf 80' lang='lat' dir='ltr'><strong>urbes</strong></span> <span class='ocrx_word' id='word_1_222' title='bbox 2486 1064 2951 1152; x_wconf 84' lang='lat' dir='ltr'><strong>Peloponnesi,</strong></span> <span class='ocrx_word' id='word_1_223' title='bbox 2986 1058 3153 1154; x_wconf 59' lang='lat' dir='ltr'><strong>quae</strong></span> <span class='ocrx_word' id='word_1_224' title='bbox 3191 1072 3505 1156; x_wconf 65' lang='lat' dir='ltr'><strong>copiosos</strong></span> 
     </span>
     <span class='ocr_line' id='line_1_51' title="bbox 2001 1166 3497 1251; baseline 0.008 -24"><span class='ocrx_word' id='word_1_225' title='bbox 2001 1166 2268 1244; x_wconf 85' lang='lat' dir='ltr'><strong>Severi,</strong></span> <span class='ocrx_word' id='word_1_226' title='bbox 2331 1181 2399 1230; x_wconf 89' lang='lat' dir='ltr'><strong>et</strong></span> <span class='ocrx_word' id='word_1_227' title='bbox 2438 1168 2581 1251; x_wconf 90' lang='lat' dir='ltr'><strong>ejus</strong></span> <span class='ocrx_word' id='word_1_228' title='bbox 2628 1169 2917 1232; x_wconf 84' lang='lat' dir='ltr'><strong>familiae</strong></span> <span class='ocrx_word' id='word_1_229' title='bbox 2948 1171 3215 1235; x_wconf 87' lang='lat' dir='ltr'><strong>nomine</strong></span> <span class='ocrx_word' id='word_1_230' title='bbox 3259 1194 3497 1246; x_wconf 79' lang='lat' dir='ltr'><strong>numos</strong></span> 
     </span>
     <span class='ocr_line' id='line_1_52' title="bbox 1998 1267 3498 1353; baseline 0.007 -26"><span class='ocrx_word' id='word_1_231' title='bbox 1998 1267 2384 1353; x_wconf 82' lang='lat' dir='ltr'><strong>signavere,</strong></span> <span class='ocrx_word' id='word_1_232' title='bbox 2463 1283 2536 1331; x_wconf 87' lang='lat' dir='ltr'><strong>ut</strong></span> <span class='ocrx_word' id='word_1_233' title='bbox 2584 1291 2702 1333; x_wconf 90' lang='lat' dir='ltr'><strong>suo</strong></span> <span class='ocrx_word' id='word_1_234' title='bbox 2765 1272 2919 1335; x_wconf 87' lang='lat' dir='ltr'><strong>loco</strong></span> <span class='ocrx_word' id='word_1_235' title='bbox 2978 1272 3498 1352; x_wconf 72' lang='lat' dir='ltr'><strong>observavimus.</strong></span> 
     </span>
     <span class='ocr_line' id='line_1_53' title="bbox 2000 1371 3498 1461; baseline 0.004 -28"><span class='ocrx_word' id='word_1_236' title='bbox 2000 1371 2244 1433; x_wconf 83' lang='lat' dir='ltr'><strong>Contra</strong></span> <span class='ocrx_word' id='word_1_237' title='bbox 2298 1382 2477 1432; x_wconf 87' lang='lat' dir='ltr'><strong>tanto</strong></span> <span class='ocrx_word' id='word_1_238' title='bbox 2534 1372 2798 1454; x_wconf 86' lang='lat' dir='ltr'><strong>parcior</strong></span> <span class='ocrx_word' id='word_1_239' title='bbox 2863 1375 3234 1458; x_wconf 74' lang='lat' dir='ltr'><strong>Aegyptus,</strong></span> <span class='ocrx_word' id='word_1_240' title='bbox 3308 1378 3498 1461; x_wconf 78' lang='lat' dir='ltr'><strong>enjus</strong></span> 
     </span>
     <span class='ocr_line' id='line_1_54' title="bbox 1995 1469 3502 1561; baseline 0.007 -30"><span class='ocrx_word' id='word_1_241' title='bbox 1995 1469 2371 1554; x_wconf 86' lang='lat' dir='ltr'><strong>paucissimi</strong></span> <span class='ocrx_word' id='word_1_242' title='bbox 2422 1488 2678 1536; x_wconf 87' lang='lat' dir='ltr'><strong>exstant</strong></span> <span class='ocrx_word' id='word_1_243' title='bbox 2712 1475 2892 1536; x_wconf 88' lang='lat' dir='ltr'><strong>numi</strong></span> <span class='ocrx_word' id='word_1_244' title='bbox 2934 1496 3084 1538; x_wconf 91' lang='lat' dir='ltr'><strong>cum</strong></span> <span class='ocrx_word' id='word_1_245' title='bbox 3120 1481 3335 1561; x_wconf 83' lang='lat' dir='ltr'><strong>capite</strong></span> <span class='ocrx_word' id='word_1_246' title='bbox 3379 1481 3502 1542; x_wconf 82' lang='lat' dir='ltr'><strong>Se-</strong></span> 
     </span>
     <span class='ocr_line' id='line_1_55' title="bbox 1997 1572 3496 1666; baseline 0.009 -34"><span class='ocrx_word' id='word_1_247' title='bbox 1997 1572 2183 1648; x_wconf 88' lang='lat' dir='ltr'><strong>veri,</strong></span> <span class='ocrx_word' id='word_1_248' title='bbox 2243 1575 2577 1652; x_wconf 87' lang='lat' dir='ltr'><strong>Domnae,</strong></span> <span class='ocrx_word' id='word_1_249' title='bbox 2635 1589 2704 1640; x_wconf 83' lang='lat' dir='ltr'><strong>et</strong></span> <span class='ocrx_word' id='word_1_250' title='bbox 2747 1575 3080 1652; x_wconf 80' lang='lat' dir='ltr'><strong>filiorum,</strong></span> <span class='ocrx_word' id='word_1_251' title='bbox 3140 1580 3298 1663; x_wconf 85' lang='lat' dir='ltr'><strong>quin</strong></span> <span class='ocrx_word' id='word_1_252' title='bbox 3340 1602 3496 1666; x_wconf 77' lang='lat' dir='ltr'><strong>pro·</strong></span> 
     </span>
     <span class='ocr_line' id='line_1_56' title="bbox 1995 1672 3502 1768; baseline 0.009 -34"><span class='ocrx_word' id='word_1_253' title='bbox 1995 1672 2288 1737; x_wconf 85' lang='lat' dir='ltr'><strong>habilem</strong></span> <span class='ocrx_word' id='word_1_254' title='bbox 2333 1676 2476 1760; x_wconf 87' lang='lat' dir='ltr'><strong>ejus</strong></span> <span class='ocrx_word' id='word_1_255' title='bbox 2535 1678 2971 1760; x_wconf 85' lang='lat' dir='ltr'><strong>parsimoniae</strong></span> <span class='ocrx_word' id='word_1_256' title='bbox 3016 1699 3276 1744; x_wconf 88' lang='lat' dir='ltr'><strong>causam</strong></span> <span class='ocrx_word' id='word_1_257' title='bbox 3343 1703 3502 1768; x_wconf 83' lang='lat' dir='ltr'><strong>pos·</strong></span> 
     </span>
     <span class='ocr_line' id='line_1_57' title="bbox 1999 1777 2675 1843; baseline 0.009 -6"><span class='ocrx_word' id='word_1_258' title='bbox 1999 1795 2201 1840; x_wconf 77' lang='lat' dir='ltr'><strong>simus</strong></span> <span class='ocrx_word' id='word_1_259' title='bbox 2247 1777 2675 1843; x_wconf 83' lang='lat' dir='ltr'><strong>constituere.</strong></span> 
     </span>
    </p>
   </div>
   <div class='ocr_carea' id='block_1_17' title="bbox 2231 2022 3277 2087">
    <p class='ocr_par' dir='ltr' id='par_1_19' title="bbox 2231 2022 3277 2087">
     <span class='ocr_line' id='line_1_58' title="bbox 2231 2022 3277 2087; baseline 0 -2"><span class='ocrx_word' id='word_1_260' title='bbox 2231 2022 2677 2086; x_wconf 84' lang='lat' dir='ltr'><strong>NOMINA</strong></span> <span class='ocrx_word' id='word_1_261' title='bbox 2734 2042 2825 2084; x_wconf 80' lang='lat' dir='ltr'><strong>ac</strong></span> <span class='ocrx_word' id='word_1_262' title='bbox 2885 2026 3277 2087; x_wconf 76' lang='lat' dir='ltr'><strong>TITVLI.</strong></span> 
     </span>
    </p>
   </div>
   <div class='ocr_carea' id='block_1_18' title="bbox 2375 2227 2959 2313">
    <p class='ocr_par' dir='ltr' id='par_1_20' title="bbox 2375 2227 2959 2313">
     <span class='ocr_line' id='line_1_59' title="bbox 2375 2227 2959 2313; baseline 0.007 -28"><span class='ocrx_word' id='word_1_263' title='bbox 2375 2301 2384 2313; x_wconf 29' lang='lat'>⁸</span> <span class='ocrx_word' id='word_1_264' title='bbox 2512 2227 2959 2289; x_wconf 70' lang='lat' dir='ltr'><strong>Pertinax.</strong></span> 
     </span>
    </p>
   </div>
   <div class='ocr_carea' id='block_1_19' title="bbox 1991 2390 3498 3091">
    <p class='ocr_par' dir='ltr' id='par_1_21' title="bbox 1991 2390 3498 3091">
     <span class='ocr_line' id='line_1_60' title="bbox 2120 2390 3498 2485; baseline 0.009 -34"><span class='ocrx_word' id='word_1_265' title='bbox 2120 2390 2358 2453; x_wconf 85' lang='lat' dir='ltr'><strong>Narrat</strong></span> <span class='ocrx_word' id='word_1_266' title='bbox 2379 2390 2761 2474; x_wconf 83' lang='lat' dir='ltr'><strong>Spartianus</strong></span> <span class='ocrx_word' id='word_1_267' title='bbox 2793 2391 2882 2473; x_wconf 80' lang='lat' dir='ltr'><strong>d)‚</strong></span> <span class='ocrx_word' id='word_1_268' title='bbox 2931 2395 3273 2475; x_wconf 82' lang='lat' dir='ltr'><strong>Severum,</strong></span> <span class='ocrx_word' id='word_1_269' title='bbox 3317 2415 3498 2485; x_wconf 84' lang='lat' dir='ltr'><strong>post·</strong></span> 
     </span>
     <span class='ocr_line' id='line_1_61' title="bbox 1994 2491 3493 2577; baseline 0.009 -26"><span class='ocrx_word' id='word_1_270' title='bbox 1994 2509 2189 2574; x_wconf 84' lang='lat' dir='ltr'><strong>quam</strong></span> <span class='ocrx_word' id='word_1_271' title='bbox 2253 2491 2673 2554; x_wconf 87' lang='lat' dir='ltr'><strong>Pertinacem</strong></span> <span class='ocrx_word' id='word_1_272' title='bbox 2740 2493 2915 2558; x_wconf 90' lang='lat' dir='ltr'><strong>inter</strong></span> <span class='ocrx_word' id='word_1_273' title='bbox 2984 2495 3170 2561; x_wconf 86' lang='lat' dir='ltr'><strong>divos</strong></span> <span class='ocrx_word' id='word_1_274' title='bbox 3242 2503 3493 2577; x_wconf 75' lang='lat' dir='ltr'><strong>retulit,</strong></span> 
     </span>
     <span class='ocr_line' id='line_1_62' title="bbox 1991 2591 3496 2687; baseline 0.007 -30"><span class='ocrx_word' id='word_1_275' title='bbox 1991 2591 2411 2657; x_wconf 86' lang='lat' dir='ltr'><strong>Pertinacem</strong></span> <span class='ocrx_word' id='word_1_276' title='bbox 2474 2614 2545 2655; x_wconf 90' lang='lat' dir='ltr'><strong>se</strong></span> <span class='ocrx_word' id='word_1_277' title='bbox 2605 2595 2826 2657; x_wconf 86' lang='lat' dir='ltr'><strong>vocari</strong></span> <span class='ocrx_word' id='word_1_278' title='bbox 2878 2595 3170 2680; x_wconf 87' lang='lat' dir='ltr'><strong>jussisse.</strong></span> <span class='ocrx_word' id='word_1_279' title='bbox 3233 2602 3496 2687; x_wconf 81' lang='lat' dir='ltr'><strong>Capito-</strong></span> 
     </span>
     <span class='ocr_line' id='line_1_63' title="bbox 1994 2684 3494 2785; baseline 0.011 -32"><span class='ocrx_word' id='word_1_280' title='bbox 1994 2692 2168 2755; x_wconf 89' lang='lat' dir='ltr'><strong>linus</strong></span> <span class='ocrx_word' id='word_1_281' title='bbox 2214 2694 2405 2756; x_wconf 88' lang='lat' dir='ltr'><strong>illum</strong></span> <span class='ocrx_word' id='word_1_282' title='bbox 2444 2714 2669 2756; x_wconf 90' lang='lat' dir='ltr'><strong>amore</strong></span> <span class='ocrx_word' id='word_1_283' title='bbox 2721 2695 2882 2756; x_wconf 85' lang='lat' dir='ltr'><strong>honi</strong></span> <span class='ocrx_word' id='word_1_284' title='bbox 2933 2684 3251 2785; x_wconf 84' lang='lat' dir='ltr'><strong>principis</strong></span> <span class='ocrx_word' id='word_1_285' title='bbox 3304 2727 3339 2767; x_wconf 86' lang='lat' dir='ltr'><strong>a</strong></span> <span class='ocrx_word' id='word_1_286' title='bbox 3389 2723 3494 2769; x_wconf 55' lang='lat' dir='ltr'><strong>sei</strong></span> 
     </span>
     <span class='ocr_line' id='line_1_64' title="bbox 1992 2794 3493 2885; baseline 0.01 -29"><span class='ocrx_word' id='word_1_287' title='bbox 1992 2809 2149 2858; x_wconf 89' lang='lat' dir='ltr'><strong>natu</strong></span> <span class='ocrx_word' id='word_1_288' title='bbox 2173 2794 2246 2857; x_wconf 87' lang='lat' dir='ltr'><strong>id</strong></span> <span class='ocrx_word' id='word_1_289' title='bbox 2285 2815 2526 2857; x_wconf 88' lang='lat' dir='ltr'><strong>nomen</strong></span> <span class='ocrx_word' id='word_1_290' title='bbox 2561 2796 2896 2878; x_wconf 82' lang='lat' dir='ltr'><strong>accepisse</strong></span> <span class='ocrx_word' id='word_1_291' title='bbox 2928 2810 3205 2865; x_wconf 85' lang='lat' dir='ltr'><strong>testatur</strong></span> <span class='ocrx_word' id='word_1_292' title='bbox 3234 2805 3294 2885; x_wconf 74' lang='lat' dir='ltr'><strong>e)</strong></span> <span class='ocrx_word' id='word_1_293' title='bbox 3316 2850 3334 2881; x_wconf 91' lang='lat'>‚</span> <span class='ocrx_word' id='word_1_294' title='bbox 3382 2802 3493 2870; x_wconf 87' lang='lat' dir='ltr'><strong>cui</strong></span> 
     </span>
     <span class='ocr_line' id='line_1_65' title="bbox 1994 2894 3489 2982; baseline 0.007 -22"><span class='ocrx_word' id='word_1_295' title='bbox 1994 2910 2062 2960; x_wconf 89' lang='lat' dir='ltr'><strong>et</strong></span> <span class='ocrx_word' id='word_1_296' title='bbox 2106 2894 2363 2959; x_wconf 82' lang='lat' dir='ltr'><strong>accedit</strong></span> <span class='ocrx_word' id='word_1_297' title='bbox 2417 2894 2606 2958; x_wconf 83' lang='lat' dir='ltr'><strong>divus</strong></span> <span class='ocrx_word' id='word_1_298' title='bbox 2651 2897 3096 2979; x_wconf 87' lang='lat' dir='ltr'><strong>Hieronymus</strong></span> <span class='ocrx_word' id='word_1_299' title='bbox 3139 2899 3213 2982; x_wconf 56' lang='grc' dir='ltr'><strong>ἲ).</strong></span> <span class='ocrx_word' id='word_1_300' title='bbox 3273 2908 3489 2971; x_wconf 87' lang='lat' dir='ltr'><strong>Hero·</strong></span> 
     </span>
     <span class='ocr_line' id='line_1_66' title="bbox 1995 2994 3488 3091; baseline 0.007 -31"><span class='ocrx_word' id='word_1_301' title='bbox 1995 2997 2224 3060; x_wconf 87' lang='lat' dir='ltr'><strong>dianus</strong></span> <span class='ocrx_word' id='word_1_302' title='bbox 2269 2994 2438 3058; x_wconf 90' lang='lat' dir='ltr'><strong>illud</strong></span> <span class='ocrx_word' id='word_1_303' title='bbox 2487 2996 2613 3059; x_wconf 90' lang='lat' dir='ltr'><strong>sibi</strong></span> <span class='ocrx_word' id='word_1_304' title='bbox 2676 3019 2830 3061; x_wconf 83' lang='lat' dir='ltr'><strong>mox</strong></span> <span class='ocrx_word' id='word_1_305' title='bbox 2876 3017 3142 3086; x_wconf 81' lang='lat' dir='ltr'><strong>arrepto</strong></span> <span class='ocrx_word' id='word_1_306' title='bbox 3181 3005 3488 3091; x_wconf 89' lang='lat' dir='ltr'><strong>imperio,</strong></span> 
     </span>
    </p>
   </div>
   <div class='ocr_carea' id='block_1_20' title="bbox 1934 3098 3493 3187">
    <p class='ocr_par' dir='ltr' id='par_1_22' title="bbox 1934 3098 3493 3187">
     <span class='ocr_line' id='line_1_67' title="bbox 1934 3098 3493 3187; baseline 0.007 -26"><span class='ocrx_word' id='word_1_307' title='bbox 1934 3110 1945 3125; x_wconf 87' lang='lat'><em>&#39;</em></span> <span class='ocrx_word' id='word_1_308' title='bbox 1995 3111 2063 3161; x_wconf 80' lang='lat' dir='ltr'><strong>et</strong></span> <span class='ocrx_word' id='word_1_309' title='bbox 2108 3118 2257 3161; x_wconf 85' lang='lat' dir='ltr'><strong>cum</strong></span> <span class='ocrx_word' id='word_1_310' title='bbox 2310 3098 2524 3162; x_wconf 81' lang='lat' dir='ltr'><strong>adhuc</strong></span> <span class='ocrx_word' id='word_1_311' title='bbox 2567 3100 2640 3161; x_wconf 87' lang='lat' dir='ltr'><strong>in</strong></span> <span class='ocrx_word' id='word_1_312' title='bbox 2685 3100 2951 3182; x_wconf 83' lang='lat' dir='ltr'><strong>Illyrico</strong></span> <span class='ocrx_word' id='word_1_313' title='bbox 2997 3121 3265 3187; x_wconf 84' lang='lat' dir='ltr'><strong>ageret,</strong></span> <span class='ocrx_word' id='word_1_314' title='bbox 3324 3110 3493 3173; x_wconf 84' lang='lat' dir='ltr'><strong>indi-</strong></span> 
     </span>
    </p>
   </div>
   <div class='ocr_carea' id='block_1_21' title="bbox 1993 3198 3491 3613">
    <p class='ocr_par' dir='ltr' id='par_1_23' title="bbox 1993 3198 3491 3613">
     <span class='ocr_line' id='line_1_68' title="bbox 1995 3198 3488 3293; baseline 0.009 -30"><span class='ocrx_word' id='word_1_315' title='bbox 1995 3198 2171 3264; x_wconf 85' lang='lat' dir='ltr'><strong>disse</strong></span> <span class='ocrx_word' id='word_1_316' title='bbox 2205 3201 2452 3264; x_wconf 84' lang='lat' dir='ltr'><strong>adserit</strong></span> <span class='ocrx_word' id='word_1_317' title='bbox 2482 3202 2544 3281; x_wconf 75' lang='grc'><strong>8)</strong></span> <span class='ocrx_word' id='word_1_318' title='bbox 2566 3247 2584 3280; x_wconf 88' lang='grc'><em>,</em></span> <span class='ocrx_word' id='word_1_319' title='bbox 2630 3216 2826 3287; x_wconf 86' lang='lat' dir='ltr'><strong>atque</strong></span> <span class='ocrx_word' id='word_1_320' title='bbox 2857 3202 3026 3267; x_wconf 84' lang='lat' dir='ltr'><strong>infra</strong></span> <span class='ocrx_word' id='word_1_321' title='bbox 3047 3251 3065 3283; x_wconf 91' lang='lat'><strong>,</strong></span> <span class='ocrx_word' id='word_1_322' title='bbox 3109 3209 3488 3293; x_wconf 71' lang='lat' dir='ltr'><strong>professum</strong></span> 
     </span>
     <span class='ocr_line' id='line_1_69' title="bbox 1994 3302 3491 3390; baseline 0.007 -22"><span class='ocrx_word' id='word_1_323' title='bbox 1994 3323 2182 3382; x_wconf 81' lang='lat' dir='ltr'><strong>eum,</strong></span> <span class='ocrx_word' id='word_1_324' title='bbox 2247 3323 2396 3367; x_wconf 87' lang='lat' dir='ltr'><strong>eum</strong></span> <span class='ocrx_word' id='word_1_325' title='bbox 2448 3302 2736 3386; x_wconf 89' lang='lat' dir='ltr'><strong>primum</strong></span> <span class='ocrx_word' id='word_1_326' title='bbox 2802 3307 3082 3369; x_wconf 82' lang='lat' dir='ltr'><strong>Romam</strong></span> <span class='ocrx_word' id='word_1_327' title='bbox 3136 3312 3347 3390; x_wconf 88' lang='lat' dir='ltr'><strong>venit,</strong></span> <span class='ocrx_word' id='word_1_328' title='bbox 3420 3315 3491 3378; x_wconf 82' lang='lat' dir='ltr'><strong>in</strong></span> 
     </span>
     <span class='ocr_line' id='line_1_70' title="bbox 1993 3405 3490 3492; baseline 0.007 -23"><span class='ocrx_word' id='word_1_329' title='bbox 1993 3405 2209 3482; x_wconf 89' lang='lat' dir='ltr'><strong>curia,</strong></span> <span class='ocrx_word' id='word_1_330' title='bbox 2269 3423 2343 3467; x_wconf 91' lang='lat' dir='ltr'><strong>se</strong></span> <span class='ocrx_word' id='word_1_331' title='bbox 2384 3425 2518 3469; x_wconf 92' lang='lat' dir='ltr'><strong>non</strong></span> <span class='ocrx_word' id='word_1_332' title='bbox 2566 3405 2929 3471; x_wconf 86' lang='lat' dir='ltr'><strong>Pertinacis</strong></span> <span class='ocrx_word' id='word_1_333' title='bbox 2981 3410 3179 3475; x_wconf 90' lang='lat' dir='ltr'><strong>modo</strong></span> <span class='ocrx_word' id='word_1_334' title='bbox 3220 3435 3490 3492; x_wconf 84' lang='lat' dir='ltr'><strong>nomen,</strong></span> 
     </span>
     <span class='ocr_line' id='line_1_71' title="bbox 1993 3507 3489 3613; baseline 0.003 -42"><span class='ocrx_word' id='word_1_335' title='bbox 1993 3507 2114 3571; x_wconf 87' lang='lat' dir='ltr'><strong>sed</strong></span> <span class='ocrx_word' id='word_1_336' title='bbox 2152 3521 2440 3572; x_wconf 89' lang='lat' dir='ltr'><strong>mentem</strong></span> <span class='ocrx_word' id='word_1_337' title='bbox 2470 3527 2734 3593; x_wconf 84' lang='lat' dir='ltr'><strong>quoque</strong></span> <span class='ocrx_word' id='word_1_338' title='bbox 2766 3508 3140 3576; x_wconf 85' lang='lat' dir='ltr'><strong>habiturum</strong></span> <span class='ocrx_word' id='word_1_339' title='bbox 3173 3511 3259 3597; x_wconf 78' lang='lat'><strong>¹¹).</strong></span> <span class='ocrx_word' id='word_1_340' title='bbox 3326 3515 3489 3613; x_wconf 79' lang='lat' dir='ltr'><strong>Qui-</strong></span> 
     </span>
    </p>
   </div>
   <div class='ocr_carea' id='block_1_22' title="bbox 1972 3608 3486 3700">
    <p class='ocr_par' dir='ltr' id='par_1_24' title="bbox 1972 3608 3486 3700">
     <span class='ocr_line' id='line_1_72' title="bbox 1972 3608 3486 3700; baseline 0.007 -28"><span class='ocrx_word' id='word_1_341' title='bbox 1972 3608 2113 3672; x_wconf 43' lang='lat' dir='ltr'><strong>*bus</strong></span> <span class='ocrx_word' id='word_1_342' title='bbox 2158 3609 2553 3673; x_wconf 85' lang='lat' dir='ltr'><strong>testimoniis</strong></span> <span class='ocrx_word' id='word_1_343' title='bbox 2600 3608 2957 3689; x_wconf 84' lang='lat' dir='ltr'><strong>docemur,</strong></span> <span class='ocrx_word' id='word_1_344' title='bbox 3020 3614 3396 3700; x_wconf 88' lang='lat' dir='ltr'><strong>adoptatum</strong></span> <span class='ocrx_word' id='word_1_345' title='bbox 3447 3642 3486 3683; x_wconf 84' lang='lat' dir='ltr'><strong>a</strong></span> 
     </span>
    </p>
   </div>
   <div class='ocr_carea' id='block_1_23' title="bbox 1992 3708 3494 3797">
    <p class='ocr_par' dir='ltr' id='par_1_25' title="bbox 1992 3708 3494 3797">
     <span class='ocr_line' id='line_1_73' title="bbox 1992 3708 3494 3797; baseline 0.006 -22"><span class='ocrx_word' id='word_1_346' title='bbox 1992 3712 2244 3775; x_wconf 88' lang='lat' dir='ltr'><strong>Severo</strong></span> <span class='ocrx_word' id='word_1_347' title='bbox 2275 3730 2401 3795; x_wconf 89' lang='lat' dir='ltr'><strong>per</strong></span> <span class='ocrx_word' id='word_1_348' title='bbox 2417 3708 2750 3775; x_wconf 83' lang='lat' dir='ltr'><strong>adfectum</strong></span> <span class='ocrx_word' id='word_1_349' title='bbox 2768 3712 2838 3774; x_wconf 93' lang='lat' dir='ltr'><strong>in</strong></span> <span class='ocrx_word' id='word_1_350' title='bbox 2869 3718 3281 3797; x_wconf 86' lang='lat' dir='ltr'><strong>praeclarum</strong></span> <span class='ocrx_word' id='word_1_351' title='bbox 3306 3720 3494 3785; x_wconf 78' lang='lat' dir='ltr'><strong>hune</strong></span> 
     </span>
    </p>
   </div>
   <div class='ocr_carea' id='block_1_24' title="bbox 1872 3813 3490 3904">
    <p class='ocr_par' dir='ltr' id='par_1_26' title="bbox 1872 3813 3490 3904">
     <span class='ocr_line' id='line_1_74' title="bbox 1872 3813 3490 3904; baseline 0.006 -29"><span class='ocrx_word' id='word_1_352' title='bbox 1872 3835 1879 3841; x_wconf 88' lang='lat'><strong>·</strong></span> <span class='ocrx_word' id='word_1_353' title='bbox 1987 3813 2396 3899; x_wconf 86' lang='lat' dir='ltr'><strong>principem,</strong></span> <span class='ocrx_word' id='word_1_354' title='bbox 2463 3832 2583 3875; x_wconf 84' lang='lat' dir='ltr'><strong>seu</strong></span> <span class='ocrx_word' id='word_1_355' title='bbox 2635 3831 2905 3891; x_wconf 87' lang='lat' dir='ltr'><strong>verum,</strong></span> <span class='ocrx_word' id='word_1_356' title='bbox 2980 3835 3134 3891; x_wconf 89' lang='lat' dir='ltr'><strong>seu,</strong></span> <span class='ocrx_word' id='word_1_357' title='bbox 3196 3821 3374 3904; x_wconf 86' lang='lat' dir='ltr'><strong>qnod</strong></span> <span class='ocrx_word' id='word_1_358' title='bbox 3419 3823 3490 3884; x_wconf 88' lang='lat' dir='ltr'><strong>in</strong></span> 
     </span>
    </p>
   </div>
   <div class='ocr_carea' id='block_1_25' title="bbox 1987 3916 3544 4408">
    <p class='ocr_par' dir='ltr' id='par_1_27' title="bbox 1987 3916 3544 4408">
     <span class='ocr_line' id='line_1_75' title="bbox 1989 3916 3492 3996; baseline 0.003 -15"><span class='ocrx_word' id='word_1_359' title='bbox 1989 3916 2284 3981; x_wconf 86' lang='lat' dir='ltr'><strong>omnium</strong></span> <span class='ocrx_word' id='word_1_360' title='bbox 2316 3935 2463 3978; x_wconf 87' lang='lat' dir='ltr'><strong>enm</strong></span> <span class='ocrx_word' id='word_1_361' title='bbox 2482 3933 2707 3976; x_wconf 86' lang='lat' dir='ltr'><strong>amore</strong></span> <span class='ocrx_word' id='word_1_362' title='bbox 2734 3933 2881 3976; x_wconf 88' lang='lat' dir='ltr'><strong>esse</strong></span> <span class='ocrx_word' id='word_1_363' title='bbox 2896 3917 3244 3996; x_wconf 79' lang='lat' dir='ltr'><strong>intellexit,</strong></span> <span class='ocrx_word' id='word_1_364' title='bbox 3290 3923 3492 3985; x_wconf 83' lang='lat' dir='ltr'><strong>simu·</strong></span> 
     </span>
     <span class='ocr_line' id='line_1_76' title="bbox 1987 4017 3490 4110; baseline 0.005 -30"><span class='ocrx_word' id='word_1_365' title='bbox 1987 4017 2215 4082; x_wconf 85' lang='lat' dir='ltr'><strong>latum.</strong></span> <span class='ocrx_word' id='word_1_366' title='bbox 2313 4017 2536 4110; x_wconf 78' lang='lat' dir='ltr'><strong>Quare</strong></span> <span class='ocrx_word' id='word_1_367' title='bbox 2599 4031 2883 4101; x_wconf 83' lang='lat' dir='ltr'><strong>nugatur</strong></span> <span class='ocrx_word' id='word_1_368' title='bbox 2931 4018 3167 4087; x_wconf 85' lang='lat' dir='ltr'><strong>Victor</strong></span> <span class='ocrx_word' id='word_1_369' title='bbox 3205 4020 3293 4103; x_wconf 85' lang='lat' dir='ltr'><strong>i)‚</strong></span> <span class='ocrx_word' id='word_1_370' title='bbox 3372 4025 3490 4109; x_wconf 86' lang='lat' dir='ltr'><strong>qui</strong></span> 
     </span>
     <span class='ocr_line' id='line_1_77' title="bbox 1987 4110 3544 4208; baseline 0.005 -26"><span class='ocrx_word' id='word_1_371' title='bbox 1987 4138 2143 4182; x_wconf 88' lang='lat' dir='ltr'><strong>eum</strong></span> <span class='ocrx_word' id='word_1_372' title='bbox 2189 4110 2285 4183; x_wconf 83' lang='lat' dir='ltr'><strong>sic</strong></span> <span class='ocrx_word' id='word_1_373' title='bbox 2334 4118 2582 4207; x_wconf 74' lang='lat' dir='ltr'><strong>dictum</strong></span> <span class='ocrx_word' id='word_1_374' title='bbox 2623 4120 2763 4182; x_wconf 86' lang='lat' dir='ltr'><strong>sive</strong></span> <span class='ocrx_word' id='word_1_375' title='bbox 2809 4133 3084 4202; x_wconf 82' lang='lat' dir='ltr'><strong>propter</strong></span> <span class='ocrx_word' id='word_1_376' title='bbox 3136 4123 3304 4186; x_wconf 87' lang='lat' dir='ltr'><strong>vitae</strong></span> <span class='ocrx_word' id='word_1_377' title='bbox 3338 4146 3492 4208; x_wconf 83' lang='lat' dir='ltr'><strong>par·</strong></span> <span class='ocrx_word' id='word_1_378' title='bbox 3535 4156 3544 4166; x_wconf 83' lang='lat'><strong>·</strong></span> 
     </span>
     <span class='ocr_line' id='line_1_78' title="bbox 1991 4219 3483 4307; baseline 0.005 -23"><span class='ocrx_word' id='word_1_379' title='bbox 1991 4221 2356 4297; x_wconf 86' lang='lat' dir='ltr'><strong>simoniam,</strong></span> <span class='ocrx_word' id='word_1_380' title='bbox 2402 4219 2576 4294; x_wconf 83' lang='lat' dir='ltr'><strong>sive,</strong></span> <span class='ocrx_word' id='word_1_381' title='bbox 2622 4219 2802 4304; x_wconf 86' lang='lat' dir='ltr'><strong>quod</strong></span> <span class='ocrx_word' id='word_1_382' title='bbox 2839 4219 3059 4283; x_wconf 83' lang='lat' dir='ltr'><strong>verius</strong></span> <span class='ocrx_word' id='word_1_383' title='bbox 3086 4222 3215 4307; x_wconf 88' lang='lat' dir='ltr'><strong>ipsi</strong></span> <span class='ocrx_word' id='word_1_384' title='bbox 3249 4226 3483 4303; x_wconf 84' lang='lat' dir='ltr'><strong>visum,</strong></span> 
     </span>
     <span class='ocr_line' id='line_1_79' title="bbox 1987 4304 3488 4408; baseline 0.005 -22"><span class='ocrx_word' id='word_1_385' title='bbox 1987 4337 2266 4408; x_wconf 85' lang='lat' dir='ltr'><strong>propter</strong></span> <span class='ocrx_word' id='word_1_386' title='bbox 2298 4321 2757 4387; x_wconf 83' lang='lat' dir='ltr'><strong>crudelitatem</strong></span> <span class='ocrx_word' id='word_1_387' title='bbox 2793 4337 3043 4389; x_wconf 88' lang='lat' dir='ltr'><strong>censet.</strong></span> <span class='ocrx_word' id='word_1_388' title='bbox 3110 4304 3488 4394; x_wconf 67' lang='lat' dir='ltr'><strong>Seommata</strong></span> 
     </span>
    </p>
   </div>
   <div class='ocr_carea' id='block_1_26' title="bbox 2329 4577 3476 4659">
    <p class='ocr_par' dir='ltr' id='par_1_28' title="bbox 2329 4577 3476 4659">
     <span class='ocr_line' id='line_1_80' title="bbox 2329 4577 3476 4659; baseline 0.006 -24"><span class='ocrx_word' id='word_1_389' title='bbox 2329 4583 2395 4651; x_wconf 84' lang='lat' dir='ltr'><strong>c)</strong></span> <span class='ocrx_word' id='word_1_390' title='bbox 2433 4578 2628 4640; x_wconf 81' lang='lat' dir='ltr'><strong>Iscriz.</strong></span> <span class='ocrx_word' id='word_1_391' title='bbox 2666 4577 2882 4637; x_wconf 85' lang='lat' dir='ltr'><strong>Alban.</strong></span> <span class='ocrx_word' id='word_1_392' title='bbox 2919 4600 2981 4659; x_wconf 90' lang='lat' dir='ltr'><strong>p.</strong></span> <span class='ocrx_word' id='word_1_393' title='bbox 3016 4579 3107 4644; x_wconf 81' lang='lat'><strong>56.</strong></span> <span class='ocrx_word' id='word_1_394' title='bbox 3310 4582 3476 4659; x_wconf 75' lang='lat' dir='ltr'><strong>d)‘in</strong></span> 
     </span>
    </p>
   </div>
   <div class='ocr_carea' id='block_1_27' title="bbox 2616 4671 3476 4748">
    <p class='ocr_par' dir='ltr' id='par_1_29' title="bbox 2616 4671 3476 4748">
     <span class='ocr_line' id='line_1_81' title="bbox 2616 4671 3476 4748; baseline -0.003 -14"><span class='ocrx_word' id='word_1_395' title='bbox 2616 4675 2681 4748; x_wconf 83' lang='lat' dir='ltr'><strong>g)</strong></span> <span class='ocrx_word' id='word_1_396' title='bbox 2720 4672 2792 4734; x_wconf 86' lang='lat' dir='ltr'><strong>In</strong></span> <span class='ocrx_word' id='word_1_397' title='bbox 2823 4673 3055 4735; x_wconf 86' lang='lat' dir='ltr'><strong>Iuliano</strong></span> <span class='ocrx_word' id='word_1_398' title='bbox 3087 4671 3156 4736; x_wconf 91' lang='lat' dir='ltr'><strong>L.</strong></span> <span class='ocrx_word' id='word_1_399' title='bbox 3194 4672 3269 4735; x_wconf 89' lang='lat'><strong>11.</strong></span> <span class='ocrx_word' id='word_1_400' title='bbox 3309 4690 3476 4739; x_wconf 52' lang='lat' dir='ltr'><strong>ento.</strong></span> 
     </span>
    </p>
   </div>
  </div>
 </body>
</html>
